4984 6286
1108 748 1214 814 ACTA
1237 749 1287 814 ΕΤ
1309 746 1439 813 Gnsnn
1462 747 1507 814 IN
1529 743 1702 813 sunnin.

862 955 1068 1044 Candidati,
1093 980 1113 1030 e
1138 955 1268 1054 quibua
1293 955 1455 1054 elegatur,
1471 953 1674 1042 domarius,
1700 955 1944 1056 designantur:

1174 1077 1219 1153 A.
1245 1075 1441 1174 Heynsiua,

1173 1196 1204 1269 Ι.
1230 1194 1279 1269 Η.
1307 1195 1489 1283 Soholten,

1173 1315 1218 1388 D.
1245 1315 1389 1389 Bierena
1414 1314 1458 1388 de
1483 1313 1609 1402 Haan,

1173 1435 1225 1506 M.
1253 1435 1296 1508 de
1321 1434 1432 1510 Vries.
1460 1437 1462 1440 ’
1914 1515 1916 1522 ,

638 1557 705 1632 Die
754 1557 851 1630 dm.
875 1552 1066 1629 Februarii.
1125 1552 1241 1653 Luget
1267 1554 1416 1629 Senatus
1440 1553 1577 1630 obitum
1604 1555 1668 1628 viri
1692 1553 1735 1630 cl.
1761 1553 1820 1638 W.
1842 1556 1887 1628 A.
1914 1578 1978 1629 van
2003 1553 2163 1654 Hengel,

809 1676 847 1752 in
878 1675 1058 1752 Facultate
1093 1674 1300 1775 Theologica
1338 1674 1432 1751 Prci.
1468 1674 1651 1764 emeritus,
1689 1673 1760 1750 fato
1797 1673 1952 1750 defuncti
1982 1673 2040 1748 die
2065 1677 2088 1748 6
2116 1699 2162 1751 m.

808 1781 909 1872 Febr.
941 1797 1049 1873 1871.

859 1915 1040 1990 Recitatnr
1070 1914 1247 1989 decretum
1267 1915 1419 2013 Regium
1443 1939 1513 2013 quo
1536 1915 1573 1990 in
1603 1939 1734 1991 annum
1756 1915 1936 1989 inermtam
1955 1912 2162 1989 Academiae

810 2033 938 2108 Rectcr
965 2033 1183 2138 'Magnificus
1214 2023 1350 2109 creatur
1378 2033 1421 2109 cl.
1451 2033 1492 2106 L.
1526 2035 1570 2109 G.
1602 2035 1643 2109 E.
1673 2032 1905 2108 Rauwenhcff
1923 2031 1961 2106 in
1983 2032 2161 2108 Facultete

810 2153 1020 2252 Theologica
1042 2153 1135 2227 Prcf.
1160 2152 1235 2229 ord.

859 2273 987 2348 Rector
1009 2272 1112 2348 refert
1132 2272 1170 2346 in
1189 2280 1362 2346 conventu
1384 2271 1592 2347 Cunctorum
1615 2296 1694 2346 cum
1717 2273 1844 2348 Rcctcr
1864 2281 1900 2346 et
1919 2274 2163 2349 Aaaeaaoribua

807 2393 844 2466 in
871 2394 1067 2492 proximum
1096 2417 1228 2468 annum
1254 2391 1460 2466 Actuarium
1489 2415 1564 2466 ease
1588 2401 1742 2468 creatum
1767 2392 1879 2467 virum
1901 2393 1944 2469 cl.
1970 2391 2162 2492 Heynsius.

856 2514 984 2589 Rector
1004 2515 1218 2612 Magnificus
1239 2535 1318 2586 cum
1345 2511 1477 2585 Senatu
1499 2519 1534 2586 et
1553 2511 1694 2612 reliquia
1714 2512 1969 2588 Professoribua
1989 2512 2026 2587 in
2049 2513 2160 2588 Audi·

804 2633 934 2709 tcrium
961 2633 1074 2708 maius
1099 2631 1277 2708 descendit
1302 2639 1337 2705 et
1361 2657 1403 2706 ex
1426 2632 1588 2708 cathedra
1611 2635 1800 2708 orationem
1826 2633 1948 2708 habet:
1974 2634 2032 2708 De
2056 2635 2163 2707 cariae

806 2757 919 2830 cecata
949 2757 1069 2855 quibua
1091 2759 1142 2851 fle
1167 2762 1206 2827 at
1236 2753 1436 2850 populorum
1463 2754 1553 2851 leyec
1577 2755 1620 2827 ab
1647 2778 1759 2828 eoram
1785 2755 1931 2828 moribus
1954 2756 2163 2852 daacrepeut,

797 2855 841 2946 ⁸et
862 2872 932 2947 fcta
952 2872 1144 2947 Academia
1167 2869 1267 2944 annis
1291 2869 1476 2968 superioria
1497 2868 1609 2948 refert.
1658 2872 1793 2948 Deinde
1812 2873 2024 2949 solemnibus
2044 2873 2158 2951 verbis

773 3023 774 3028 ¹
804 2992 960 3091 deposito
989 2993 1197 3090 magistratu
1223 3013 1242 3063 e
1264 2988 1428 3064 cathedra
1448 2990 1639 3069 descendit.
