4984 6286
545 1758 619 1839 QUI
639 1759 740 1821 HUIO
762 1760 1005 1822 Puovutouau
1024 1758 1188 1831 Panum,
1208 1757 1279 1817 ΠΒ
1298 1755 1609 1830 unumunurm

544 1885 670 1946 Eurus
690 1886 924 1948 acanum
943 1884 1187 1957 maurosus,
1207 1883 1294 1942 VIBJ
1313 1883 1560 1955 fflIrISSssss3

545 2007 761 2072 VARIABUM
780 2007 1395 2096 DEOIPLHHBOEPROFFBSORFB,
1415 2007 1619 2070 conanum
1638 2005 1828 2069 OOMUNO·

579 2111 741 2185 ΤῙΒΒΠΠς

544 2183 777 2296 acannman
796 2234 1009 2307 camoena
1029 2233 1116 2294 rma
1135 2232 1372 2305 nocrrssnm

543 2356 655 2418 erras
675 2358 908 2434 acmnmcr,
929 2357 1227 2421 commemorns
1247 2357 1516 2430 oaunmssnm

544 2478 762 2560 namnum
784 2486 840 2548 an
860 2485 971 2558 nanc
989 2482 1299 2545 sumammamrr
1318 2481 1615 2544 numennumen
1633 2480 1717 2543 nne
1736 2479 1828 2544 eou-

584 2581 800 2660 mmuue,
819 2587 1044 2650 rennuens
1064 2585 1368 2658 snamamsenn,
1389 2584 1698 2646 axomanmsnm.

351 2955 594 3032 Consideranti
625 2959 725 3049 mihi,
762 2963 965 3054 Auditnres,
1004 2989 1094 3062 quae
1130 2965 1194 3038 hoc
1235 2990 1326 3039 anno
1363 2964 1567 3053 acciderint,
1606 2963 1828 3038 contristatur

303 3072 450 3149 animus.
474 3121 481 3171 ·.
501 3074 569 3150 Vix
601 3102 714 3154 annus
740 3085 934 3179 praeteriit,
961 3109 1003 3158 ex
1032 3108 1102 3182 quo
1122 3109 1188 3182 ego
1210 3111 1252 3158 ex
1278 3085 1398 3158 eodem
1425 3085 1489 3158 hoc
1516 3084 1590 3160 ineo
1614 3081 1718 3156 verba
1741 3081 1827 3172 ieci,

302 3201 445 3293 pacatus
477 3200 554 3268 tum
582 3208 655 3273 erat
680 3200 790 3290 orbis,
822 3203 913 3278 laeta
945 3203 1079 3292 omnia,
1124 3203 1300 3278 academia
1326 3210 1455 3276 ‘nostra
1490 3201 1656 3290 florebat,
1693 3200 1828 3299 integat

303 3319 376 3387 erat
397 3321 514 3388 nester
532 3317 634 3407 ordo,
660 3319 794 3395 felicem
813 3347 944 3398 annum
967 3323 1083 3398 omnia
1104 3321 1367 3422 praesagiebant
1390 3320 1593 3410 successori,
1618 3319 1676 3394 cui
1698 3341 1828 3394 munus

304 3432 460 3508 Rectmis
482 3437 618 3512 tradere
640 3439 727 3514 mihi
750 3451 824 3516 erat
849 3443 1064 3518 mandatum.
1114 3443 1285 3517 Faustum
1310 3453 1346 3516 et
1368 3441 1451 3516 felix
1484 3440 1535 3514 illi
1562 3439 1826 3516 acclamavimus

302 3575 440 3642 omnes,
475 3557 606 3654 optima
637 3583 796 3658 quaeque
825 3560 876 3634 illi
905 3561 1081 3660 adprecati
1103 3586 1235 3636 sumus.
1287 3561 1357 3634 Sed
1401 3560 1508 3648 eheu,
1543 3583 1649 3658 quam
1688 3558 1826 3657 iragiles

303 3670 484 3748 hominum
509 3701 607 3774 spes,
645 3703 749 3778 quam
773 3681 924 3756 incertus
949 3705 1064 3756 rerum
1091 3690 1245 3756 eventus.
1294 3681 1445 3780 Ereptus
1467 3689 1521 3755 est
1543 3679 1632 3769 suis,
1666 3677 1825 3776 collegis,

303 3793 524 3883 Academiae,
544 3796 670 3872 Raetor
683 3801 914 3899 Magnificus,
934 3801 1144 3876 clarissimus
1164 3802 1299 3898 Miquel
1312 3811 1347 3876 et
1368 3825 1480 3875 annus
1501 3799 1676 3898 illaquam
1690 3797 1825 3872 felicem

303 3911 558 4008 augambamur
580 3915 689 3990 letalis
721 3918 790 4008 illi,
813 3919 986 3995 infaustus
1016 3920 1092 3995 orbi
1116 3921 1259 3995 exstitit.
1309 3919 1366 3993 Sic
1390 3921 1435 3994 ad
1468 3944 1527 4016 uos
1558 3918 1678 4007 redeo,
1712 3915 1823 3990 Audi·

304 4037 412 4119 tores,
440 4033 547 4107 tristis
573 4044 609 4109 et
634 4048 807 4129 moestus,
835 4040 897 4139 qni
922 4040 1035 4138 potuit
1057 4041 1181 4114 aliter?
1206 4063 1286 4112 cum
1321 4040 1395 4114 dies
1419 4047 1454 4113 et
1476 4040 1571 4132 locus
1596 4047 1632 4112 et
1659 4035 1825 4111 hodierna

304 4151 470 4226 solemnia
492 4153 537 4228 ad
559 4177 600 4228 ea
626 4168 785 4233 revocent
804 4160 976 4248 animum,
1002 4183 1090 4258 quae
1111 4145 1212 4232 nobis
1233 4158 1431 4234 acciderunt
1453 4167 1490 4233 et
1510 4173 1671 4232 renovare
1693 4163 1824 4254 cogunt

304 4267 467 4348 delorem.
518 4273 597 4348 Non
624 4300 689 4376 ego
712 4277 756 4353 de
780 4279 977 4355 domesticis
998 4279 1155 4354 cladibus
1178 4279 1311 4367 dicam,
1342 4302 1553 4378 quamquam
1578 4276 1723 4351 ethaeo
1748 4275 1821 4350 vul·

303 4412 385 4466 nera
415 4393 652 4468 recrudescere
691 4399 819 4488 solent,
858 4399 993 4497 quoties
1033 4398 1077 4474 ad
1123 4399 1305 4498 praeterita
1339 4381 1471 4471 oeulos
1494 4403 1752 4483 convertamus,
1788 4402 1824 4468 et

302 4533 378 4584 eam
407 4511 563 4588 adimant
585 4515 693 4590 animi
718 4517 952 4608 serenitatem,
978 4543 1048 4617 qua
1073 4519 1166 4593 hunc
1203 4518 1293 4592 diem
1327 4516 1455 4591 festum
1487 4515 1658 4591 celebrare
1689 4512 1821 4588 soleba·

303 4652 391 4705 mus.
423 4634 457 4707 A
481 4657 538 4707 me
559 4634 667 4733 igitur
689 4661 734 4710 ne
756 4639 978 4738 exspectetis,
1004 4639 1209 4728 Auditcree,
1235 4645 1389 4713 ornatam
1417 4649 1479 4710 aut
1500 4635 1674 4736 copiosam
1697 4631 1822 4709 cratio-

302 4771 394 4826 nem.
446 4751 522 4826 Nee
557 4754 654 4830 vobis
688 4780 753 4832 nec
785 4757 871 4832 mihi
900 4758 1093 4834 satisfacere
1129 4781 1277 4858 possem.
1327 4757 1482 4832 Sufficiat
1515 4778 1609 4831 nunc
1645 4777 1686 4828 eo
1720 4751 1822 4851 fungi

302 4869 413 4947 officio
435 4874 530 4971 quod
551 4874 638 4949 mihi
656 4876 858 4978 impositum
883 4888 956 4968 est,
977 4903 1040 4954 nee
1058 4880 1103 4954 de
1121 4879 1188 4955 alia
1208 4903 1245 4953 re
1265 4878 1377 4954 dicere
1396 4875 1545 4952 conabor
1565 4881 1670 4973 atque
1689 4871 1734 4946 de
1763 4896 1819 4960 ea,
1936 4967 1939 4974 Ι
