<?xml version="1.0" encoding="UTF-8"?>
<!DOCTYPE html PUBLIC "-//W3C//DTD XHTML 1.0 Transitional//EN"
    "http://www.w3.org/TR/xhtml1/DTD/xhtml1-transitional.dtd">
<html xmlns="http://www.w3.org/1999/xhtml" xml:lang="en" lang="en">
 <head>
  <title>
</title>
<meta http-equiv="Content-Type" content="text/html;charset=utf-8" />
  <meta name='ocr-system' content='tesseract 3.04.00' />
  <meta name='ocr-capabilities' content='ocr_page ocr_carea ocr_par ocr_line ocrx_word'/>
</head>
<body>
  <div class='ocr_page' id='page_1' title='image "annalesacademic17unkngoog_0078.png"; bbox 0 0 4984 6286; ppageno 0'>
   <div class='ocr_carea' id='block_1_1' title="bbox 906 744 1808 819">
    <p class='ocr_par' dir='ltr' id='par_1_1' title="bbox 906 744 1808 819">
     <span class='ocr_line' id='line_1_1' title="bbox 906 744 1808 819; baseline 0.008 -8"><span class='ocrx_word' id='word_1_1' title='bbox 906 744 1186 817; x_wconf 77' lang='lat' dir='ltr'><strong>ORATIO.</strong></span> <span class='ocrx_word' id='word_1_2' title='bbox 1766 750 1808 819; x_wconf 76' lang='lat'>65</span> 
     </span>
    </p>
   </div>
   <div class='ocr_carea' id='block_1_2' title="bbox 233 951 1811 3096">
    <p class='ocr_par' dir='ltr' id='par_1_2' title="bbox 283 951 1808 1150">
     <span class='ocr_line' id='line_1_2' title="bbox 285 951 1808 1058; baseline 0.005 -29"><span class='ocrx_word' id='word_1_3' title='bbox 285 954 439 1030; x_wconf 88' lang='lat' dir='ltr'>docenda</span> <span class='ocrx_word' id='word_1_4' title='bbox 462 951 700 1026; x_wconf 88' lang='lat' dir='ltr'>committetur</span> <span class='ocrx_word' id='word_1_5' title='bbox 721 952 859 1054; x_wconf 90' lang='lat' dir='ltr'>speciali</span> <span class='ocrx_word' id='word_1_6' title='bbox 884 955 1086 1052; x_wconf 80' lang='lat' dir='ltr'>professori,</span> <span class='ocrx_word' id='word_1_7' title='bbox 1110 957 1210 1030; x_wconf 86' lang='lat' dir='ltr'>errius</span> <span class='ocrx_word' id='word_1_8' title='bbox 1231 958 1281 1030; x_wconf 90' lang='lat' dir='ltr'>rei</span> <span class='ocrx_word' id='word_1_9' title='bbox 1305 959 1373 1032; x_wconf 90' lang='lat' dir='ltr'>iam</span> <span class='ocrx_word' id='word_1_10' title='bbox 1398 958 1559 1057; x_wconf 88' lang='lat' dir='ltr'>magisin</span> <span class='ocrx_word' id='word_1_11' title='bbox 1573 958 1647 1032; x_wconf 91' lang='lat' dir='ltr'>dies</span> <span class='ocrx_word' id='word_1_12' title='bbox 1665 969 1808 1058; x_wconf 87' lang='lat' dir='ltr'>apparet</span> 
     </span>
     <span class='ocr_line' id='line_1_3' title="bbox 283 1074 480 1150; baseline -0.01 0"><span class='ocrx_word' id='word_1_13' title='bbox 283 1074 480 1150; x_wconf 78' lang='lat' dir='ltr'>necessitas.</span> 
     </span>
    </p>

    <p class='ocr_par' dir='ltr' id='par_1_3' title="bbox 283 1193 1809 2136">
     <span class='ocr_line' id='line_1_4' title="bbox 332 1193 1809 1293; baseline 0.002 -23"><span class='ocrx_word' id='word_1_14' title='bbox 332 1198 569 1270; x_wconf 72' lang='lat' dir='ltr'>Instrumenta</span> <span class='ocrx_word' id='word_1_15' title='bbox 599 1193 790 1293; x_wconf 77' lang='lat' dir='ltr'>chirurgica</span> <span class='ocrx_word' id='word_1_16' title='bbox 822 1194 908 1270; x_wconf 91' lang='lat' dir='ltr'>bene</span> <span class='ocrx_word' id='word_1_17' title='bbox 944 1204 1140 1270; x_wconf 86' lang='lat' dir='ltr'>conservata</span> <span class='ocrx_word' id='word_1_18' title='bbox 1169 1203 1271 1283; x_wconf 88' lang='lat' dir='ltr'>sunt,</span> <span class='ocrx_word' id='word_1_19' title='bbox 1298 1205 1333 1269; x_wconf 87' lang='lat' dir='ltr'>et</span> <span class='ocrx_word' id='word_1_20' title='bbox 1363 1195 1393 1268; x_wconf 91' lang='lat' dir='ltr'>si</span> <span class='ocrx_word' id='word_1_21' title='bbox 1418 1219 1506 1270; x_wconf 91' lang='lat' dir='ltr'>novo</span> <span class='ocrx_word' id='word_1_22' title='bbox 1536 1197 1732 1272; x_wconf 92' lang='lat' dir='ltr'>nosocomio</span> <span class='ocrx_word' id='word_1_23' title='bbox 1755 1199 1809 1274; x_wconf 93' lang='lat' dir='ltr'>uti</span> 
     </span>
     <span class='ocr_line' id='line_1_5' title="bbox 285 1313 1808 1416; baseline 0.001 -24"><span class='ocrx_word' id='word_1_24' title='bbox 285 1317 421 1405; x_wconf 81' lang='lat' dir='ltr'>licebit,</span> <span class='ocrx_word' id='word_1_25' title='bbox 460 1315 533 1388; x_wconf 91' lang='lat' dir='ltr'>sine</span> <span class='ocrx_word' id='word_1_26' title='bbox 568 1313 676 1388; x_wconf 91' lang='lat' dir='ltr'>dubio</span> <span class='ocrx_word' id='word_1_27' title='bbox 708 1313 837 1389; x_wconf 85' lang='lat' dir='ltr'>multae</span> <span class='ocrx_word' id='word_1_28' title='bbox 870 1313 1106 1404; x_wconf 88' lang='lat' dir='ltr'>difficultates,</span> <span class='ocrx_word' id='word_1_29' title='bbox 1142 1315 1271 1413; x_wconf 88' lang='lat' dir='ltr'>quibus</span> <span class='ocrx_word' id='word_1_30' title='bbox 1298 1340 1391 1391; x_wconf 90' lang='lat' dir='ltr'>nunc</span> <span class='ocrx_word' id='word_1_31' title='bbox 1417 1314 1591 1389; x_wconf 89' lang='lat' dir='ltr'>institutio</span> <span class='ocrx_word' id='word_1_32' title='bbox 1615 1315 1808 1416; x_wconf 75' lang='lat' dir='ltr'>chirurgica</span> 
     </span>
     <span class='ocr_line' id='line_1_6' title="bbox 283 1433 1808 1539; baseline 0.001 -27"><span class='ocrx_word' id='word_1_33' title='bbox 283 1437 468 1539; x_wconf 89' lang='lat' dir='ltr'>premitur,</span> <span class='ocrx_word' id='word_1_34' title='bbox 498 1433 783 1522; x_wconf 84' lang='lat' dir='ltr'>removebuntur,</span> <span class='ocrx_word' id='word_1_35' title='bbox 809 1436 994 1533; x_wconf 89' lang='lat' dir='ltr'>pluresque</span> <span class='ocrx_word' id='word_1_36' title='bbox 1018 1435 1166 1533; x_wconf 89' lang='lat' dir='ltr'>recipere</span> <span class='ocrx_word' id='word_1_37' title='bbox 1180 1435 1296 1509; x_wconf 89' lang='lat' dir='ltr'>licebit</span> <span class='ocrx_word' id='word_1_38' title='bbox 1309 1434 1506 1523; x_wconf 92' lang='lat' dir='ltr'>morbosos,</span> <span class='ocrx_word' id='word_1_39' title='bbox 1533 1460 1621 1534; x_wconf 89' lang='lat' dir='ltr'>quos</span> <span class='ocrx_word' id='word_1_40' title='bbox 1634 1460 1727 1511; x_wconf 90' lang='lat' dir='ltr'>nunc</span> <span class='ocrx_word' id='word_1_41' title='bbox 1742 1438 1808 1513; x_wconf 93' lang='lat' dir='ltr'>loci</span> 
     </span>
     <span class='ocr_line' id='line_1_7' title="bbox 286 1554 1806 1657; baseline -0.003 -24"><span class='ocrx_word' id='word_1_42' title='bbox 286 1557 446 1657; x_wconf 86' lang='lat' dir='ltr'>angustia</span> <span class='ocrx_word' id='word_1_43' title='bbox 478 1578 547 1630; x_wconf 90' lang='lat' dir='ltr'>non</span> <span class='ocrx_word' id='word_1_44' title='bbox 582 1554 746 1628; x_wconf 88' lang='lat' dir='ltr'>admittit.</span> <span class='ocrx_word' id='word_1_45' title='bbox 798 1555 1034 1630; x_wconf 90' lang='lat' dir='ltr'>Pcliclinicum</span> <span class='ocrx_word' id='word_1_46' title='bbox 1064 1555 1295 1654; x_wconf 83' lang='lat' dir='ltr'>chirurgicum</span> <span class='ocrx_word' id='word_1_47' title='bbox 1330 1556 1528 1654; x_wconf 82' lang='lat' dir='ltr'>frequentes</span> <span class='ocrx_word' id='word_1_48' title='bbox 1560 1555 1684 1630; x_wconf 89' lang='lat' dir='ltr'>habuit</span> <span class='ocrx_word' id='word_1_49' title='bbox 1709 1558 1806 1631; x_wconf 86' lang='lat' dir='ltr'>auri·</span> 
     </span>
     <span class='ocr_line' id='line_1_8' title="bbox 285 1675 1807 1775; baseline -0.001 -23"><span class='ocrx_word' id='word_1_50' title='bbox 285 1679 369 1752; x_wconf 91' lang='lat' dir='ltr'>lium</span> <span class='ocrx_word' id='word_1_51' title='bbox 408 1675 650 1773; x_wconf 88' lang='lat' dir='ltr'>implorantes,</span> <span class='ocrx_word' id='word_1_52' title='bbox 676 1675 767 1748; x_wconf 88' lang='lat' dir='ltr'>ultra</span> <span class='ocrx_word' id='word_1_53' title='bbox 802 1675 896 1748; x_wconf 88' lang='lat' dir='ltr'>mille</span> <span class='ocrx_word' id='word_1_54' title='bbox 930 1684 966 1748; x_wconf 86' lang='lat' dir='ltr'>et</span> <span class='ocrx_word' id='word_1_55' title='bbox 1003 1675 1248 1775; x_wconf 80' lang='lat' dir='ltr'>quadringenti</span> <span class='ocrx_word' id='word_1_56' title='bbox 1276 1675 1450 1774; x_wconf 89' lang='lat' dir='ltr'>superiore</span> <span class='ocrx_word' id='word_1_57' title='bbox 1480 1699 1571 1750; x_wconf 90' lang='lat' dir='ltr'>anno</span> <span class='ocrx_word' id='word_1_58' title='bbox 1600 1676 1807 1765; x_wconf 86' lang='lat' dir='ltr'>adfuerunt,</span> 
     </span>
     <span class='ocr_line' id='line_1_9' title="bbox 284 1795 1809 1895; baseline -0.001 -24"><span class='ocrx_word' id='word_1_59' title='bbox 284 1799 332 1873; x_wconf 89' lang='lat' dir='ltr'>ita</span> <span class='ocrx_word' id='word_1_60' title='bbox 357 1807 397 1872; x_wconf 90' lang='lat' dir='ltr'>ut</span> <span class='ocrx_word' id='word_1_61' title='bbox 417 1819 557 1872; x_wconf 89' lang='lat' dir='ltr'>necesse</span> <span class='ocrx_word' id='word_1_62' title='bbox 580 1795 684 1870; x_wconf 82' lang='lat' dir='ltr'>fucrit</span> <span class='ocrx_word' id='word_1_63' title='bbox 715 1795 855 1892; x_wconf 87' lang='lat' dir='ltr'>gravius</span> <span class='ocrx_word' id='word_1_64' title='bbox 877 1795 1016 1870; x_wconf 86' lang='lat' dir='ltr'>affectos</span> <span class='ocrx_word' id='word_1_65' title='bbox 1046 1796 1090 1870; x_wconf 89' lang='lat' dir='ltr'>ab</span> <span class='ocrx_word' id='word_1_66' title='bbox 1117 1795 1160 1870; x_wconf 93' lang='lat' dir='ltr'>iis</span> <span class='ocrx_word' id='word_1_67' title='bbox 1187 1821 1342 1895; x_wconf 87' lang='lat' dir='ltr'>separare</span> <span class='ocrx_word' id='word_1_68' title='bbox 1365 1795 1496 1895; x_wconf 91' lang='lat' dir='ltr'>quibus</span> <span class='ocrx_word' id='word_1_69' title='bbox 1517 1795 1652 1871; x_wconf 81' lang='lat' dir='ltr'>facilius</span> <span class='ocrx_word' id='word_1_70' title='bbox 1678 1795 1809 1870; x_wconf 90' lang='lat' dir='ltr'>mederi</span> 
     </span>
     <span class='ocr_line' id='line_1_10' title="bbox 285 1914 1808 2016; baseline 0.001 -26"><span class='ocrx_word' id='word_1_71' title='bbox 285 1918 409 2016; x_wconf 88' lang='lat' dir='ltr'>potuit.</span> <span class='ocrx_word' id='word_1_72' title='bbox 461 1914 713 2015; x_wconf 89' lang='lat' dir='ltr'>Opportunitas</span> <span class='ocrx_word' id='word_1_73' title='bbox 745 1915 980 2013; x_wconf 86' lang='lat' dir='ltr'>experimenta</span> <span class='ocrx_word' id='word_1_74' title='bbox 1002 1915 1207 1990; x_wconf 88' lang='lat' dir='ltr'>instituendi</span> <span class='ocrx_word' id='word_1_75' title='bbox 1238 1917 1273 1988; x_wconf 91' lang='lat' dir='ltr'>in</span> <span class='ocrx_word' id='word_1_76' title='bbox 1302 1916 1526 1991; x_wconf 87' lang='lat' dir='ltr'>cadaveribus</span> <span class='ocrx_word' id='word_1_77' title='bbox 1553 1918 1663 1991; x_wconf 92' lang='lat' dir='ltr'>rarius</span> <span class='ocrx_word' id='word_1_78' title='bbox 1686 1942 1723 1992; x_wconf 89' lang='lat' dir='ltr'>se</span> <span class='ocrx_word' id='word_1_79' title='bbox 1745 1915 1808 1992; x_wconf 92' lang='lat' dir='ltr'>ob·</span> 
     </span>
     <span class='ocr_line' id='line_1_11' title="bbox 285 2035 1445 2136; baseline -0.005 -25"><span class='ocrx_word' id='word_1_80' title='bbox 285 2039 365 2113; x_wconf 89' lang='lat' dir='ltr'>tulit</span> <span class='ocrx_word' id='word_1_81' title='bbox 390 2061 501 2136; x_wconf 93' lang='lat' dir='ltr'>quam</span> <span class='ocrx_word' id='word_1_82' title='bbox 524 2036 641 2109; x_wconf 92' lang='lat' dir='ltr'>studia</span> <span class='ocrx_word' id='word_1_83' title='bbox 664 2035 916 2110; x_wconf 86' lang='lat' dir='ltr'>desiderabant.</span> <span class='ocrx_word' id='word_1_84' title='bbox 1438 2119 1445 2132; x_wconf 29' lang='grc' dir='ltr'>Ι</span> 
     </span>
    </p>

    <p class='ocr_par' dir='ltr' id='par_1_4' title="bbox 233 2153 1811 3096">
     <span class='ocr_line' id='line_1_12' title="bbox 333 2153 1808 2252; baseline -0.001 -20"><span class='ocrx_word' id='word_1_85' title='bbox 333 2155 526 2232; x_wconf 85' lang='lat' dir='ltr'>Audivistis</span> <span class='ocrx_word' id='word_1_86' title='bbox 548 2177 637 2252; x_wconf 91' lang='lat' dir='ltr'>quae</span> <span class='ocrx_word' id='word_1_87' title='bbox 657 2155 702 2228; x_wconf 92' lang='lat' dir='ltr'>de</span> <span class='ocrx_word' id='word_1_88' title='bbox 721 2153 885 2229; x_wconf 90' lang='lat' dir='ltr'>subsidiis</span> <span class='ocrx_word' id='word_1_89' title='bbox 909 2154 1103 2229; x_wconf 85' lang='lat' dir='ltr'>studiorum</span> <span class='ocrx_word' id='word_1_90' title='bbox 1126 2154 1271 2228; x_wconf 89' lang='lat' dir='ltr'>dicenda</span> <span class='ocrx_word' id='word_1_91' title='bbox 1293 2155 1378 2228; x_wconf 91' lang='lat' dir='ltr'>mihi</span> <span class='ocrx_word' id='word_1_92' title='bbox 1404 2164 1513 2247; x_wconf 90' lang='lat' dir='ltr'>erant,</span> <span class='ocrx_word' id='word_1_93' title='bbox 1538 2157 1746 2246; x_wconf 70' lang='lat' dir='ltr'>Auditum,</span> <span class='ocrx_word' id='word_1_94' title='bbox 1772 2165 1808 2231; x_wconf 89' lang='lat' dir='ltr'>et</span> 
     </span>
     <span class='ocr_line' id='line_1_13' title="bbox 287 2261 1809 2376; baseline 0.001 -26"><span class='ocrx_word' id='word_1_95' title='bbox 287 2279 393 2352; x_wconf 88' lang='lat' dir='ltr'>babet</span> <span class='ocrx_word' id='word_1_96' title='bbox 424 2284 540 2349; x_wconf 89' lang='lat' dir='ltr'>nostra</span> <span class='ocrx_word' id='word_1_97' title='bbox 560 2273 735 2348; x_wconf 89' lang='lat' dir='ltr'>academia</span> <span class='ocrx_word' id='word_1_98' title='bbox 760 2274 842 2348; x_wconf 84' lang='lat' dir='ltr'>talia</span> <span class='ocrx_word' id='word_1_99' title='bbox 864 2275 993 2372; x_wconf 89' lang='lat' dir='ltr'>quibus</span> <span class='ocrx_word' id='word_1_100' title='bbox 1016 2261 1154 2374; x_wconf 88' lang='lat' dir='ltr'>gloriari</span> <span class='ocrx_word' id='word_1_101' title='bbox 1181 2271 1313 2373; x_wconf 72' lang='lat' dir='ltr'>possit}</span> <span class='ocrx_word' id='word_1_102' title='bbox 1340 2299 1459 2350; x_wconf 83' lang='lat' dir='ltr'>verum</span> <span class='ocrx_word' id='word_1_103' title='bbox 1484 2283 1556 2366; x_wconf 90' lang='lat' dir='ltr'>est,</span> <span class='ocrx_word' id='word_1_104' title='bbox 1583 2301 1718 2376; x_wconf 90' lang='lat' dir='ltr'>semper</span> <span class='ocrx_word' id='word_1_105' title='bbox 1743 2275 1809 2351; x_wconf 89' lang='lat' dir='ltr'>alia</span> 
     </span>
     <span class='ocr_line' id='line_1_14' title="bbox 233 2393 1808 2494; baseline -0.001 -22"><span class='ocrx_word' id='word_1_106' title='bbox 233 2405 235 2412; x_wconf 87' lang='lat'>&#39;</span> <span class='ocrx_word' id='word_1_107' title='bbox 283 2407 319 2472; x_wconf 89' lang='lat' dir='ltr'>et</span> <span class='ocrx_word' id='word_1_108' title='bbox 344 2397 473 2471; x_wconf 87' lang='lat' dir='ltr'>maiora</span> <span class='ocrx_word' id='word_1_109' title='bbox 507 2393 716 2482; x_wconf 89' lang='lat' dir='ltr'>desiderari,</span> <span class='ocrx_word' id='word_1_110' title='bbox 741 2393 813 2488; x_wconf 86' lang='lat' dir='ltr'>¹aed</span> <span class='ocrx_word' id='word_1_111' title='bbox 836 2395 896 2494; x_wconf 91' lang='lat' dir='ltr'>qui</span> <span class='ocrx_word' id='word_1_112' title='bbox 922 2405 1037 2493; x_wconf 87' lang='lat' dir='ltr'>potest</span> <span class='ocrx_word' id='word_1_113' title='bbox 1065 2395 1189 2470; x_wconf 80' lang='lat' dir='ltr'>aliter?</span> <span class='ocrx_word' id='word_1_114' title='bbox 1247 2396 1330 2494; x_wconf 90' lang='lat' dir='ltr'>Ipsa</span> <span class='ocrx_word' id='word_1_115' title='bbox 1361 2395 1503 2471; x_wconf 90' lang='lat' dir='ltr'>scientia</span> <span class='ocrx_word' id='word_1_116' title='bbox 1525 2421 1631 2471; x_wconf 86' lang='lat' dir='ltr'>novos</span> <span class='ocrx_word' id='word_1_117' title='bbox 1653 2395 1808 2494; x_wconf 92' lang='lat' dir='ltr'>quotidie</span> 
     </span>
     <span class='ocr_line' id='line_1_15' title="bbox 284 2512 1808 2618; baseline 0.001 -30"><span class='ocrx_word' id='word_1_118' title='bbox 284 2538 485 2618; x_wconf 85' lang='lat' dir='ltr'>progressus</span> <span class='ocrx_word' id='word_1_119' title='bbox 511 2512 614 2601; x_wconf 82' lang='lat' dir='ltr'>iacit,</span> <span class='ocrx_word' id='word_1_120' title='bbox 640 2537 746 2587; x_wconf 86' lang='lat' dir='ltr'>novas</span> <span class='ocrx_word' id='word_1_121' title='bbox 775 2515 846 2589; x_wconf 84' lang='lat' dir='ltr'>vias</span> <span class='ocrx_word' id='word_1_122' title='bbox 876 2515 1029 2614; x_wconf 87' lang='lat' dir='ltr'>quaerit,</span> <span class='ocrx_word' id='word_1_123' title='bbox 1065 2516 1181 2589; x_wconf 89' lang='lat' dir='ltr'>omnia</span> <span class='ocrx_word' id='word_1_124' title='bbox 1206 2515 1413 2614; x_wconf 87' lang='lat' dir='ltr'>investigare</span> <span class='ocrx_word' id='word_1_125' title='bbox 1446 2523 1482 2590; x_wconf 91' lang='lat' dir='ltr'>et</span> <span class='ocrx_word' id='word_1_126' title='bbox 1506 2540 1710 2616; x_wconf 86' lang='lat' dir='ltr'>cognoscere</span> <span class='ocrx_word' id='word_1_127' title='bbox 1735 2524 1808 2590; x_wconf 90' lang='lat' dir='ltr'>stu·</span> 
     </span>
     <span class='ocr_line' id='line_1_16' title="bbox 284 2630 1809 2736; baseline 0.001 -26"><span class='ocrx_word' id='word_1_128' title='bbox 284 2637 363 2725; x_wconf 89' lang='lat' dir='ltr'>det,</span> <span class='ocrx_word' id='word_1_129' title='bbox 400 2658 489 2710; x_wconf 86' lang='lat' dir='ltr'>nova</span> <span class='ocrx_word' id='word_1_130' title='bbox 512 2630 667 2708; x_wconf 88' lang='lat' dir='ltr'>subsidia</span> <span class='ocrx_word' id='word_1_131' title='bbox 698 2633 843 2732; x_wconf 87' lang='lat' dir='ltr'>flagitat.</span> <span class='ocrx_word' id='word_1_132' title='bbox 895 2637 996 2714; x_wconf 88' lang='lat' dir='ltr'>Quae</span> <span class='ocrx_word' id='word_1_133' title='bbox 1018 2645 1119 2711; x_wconf 88' lang='lat' dir='ltr'>antes</span> <span class='ocrx_word' id='word_1_134' title='bbox 1149 2635 1364 2711; x_wconf 87' lang='lat' dir='ltr'>sufficiebant</span> <span class='ocrx_word' id='word_1_135' title='bbox 1385 2636 1455 2710; x_wconf 91' lang='lat' dir='ltr'>iam</span> <span class='ocrx_word' id='word_1_136' title='bbox 1481 2637 1635 2712; x_wconf 88' lang='lat' dir='ltr'>sufficere</span> <span class='ocrx_word' id='word_1_137' title='bbox 1659 2637 1809 2736; x_wconf 88' lang='lat' dir='ltr'>amplius</span> 
     </span>
     <span class='ocr_line' id='line_1_17' title="bbox 283 2753 1810 2855; baseline -0.001 -24"><span class='ocrx_word' id='word_1_138' title='bbox 283 2780 357 2831; x_wconf 89' lang='lat' dir='ltr'>non</span> <span class='ocrx_word' id='word_1_139' title='bbox 388 2761 545 2855; x_wconf 88' lang='lat' dir='ltr'>possunt.</span> <span class='ocrx_word' id='word_1_140' title='bbox 596 2753 908 2852; x_wconf 85' lang='lat' dir='ltr'>Repraesentemus</span> <span class='ocrx_word' id='word_1_141' title='bbox 939 2756 1040 2830; x_wconf 90' lang='lat' dir='ltr'>nobis</span> <span class='ocrx_word' id='word_1_142' title='bbox 1070 2781 1158 2855; x_wconf 91' lang='lat' dir='ltr'>quse</span> <span class='ocrx_word' id='word_1_143' title='bbox 1180 2756 1387 2831; x_wconf 82' lang='lat' dir='ltr'>Academica</span> <span class='ocrx_word' id='word_1_144' title='bbox 1417 2756 1590 2832; x_wconf 89' lang='lat' dir='ltr'>institutio</span> <span class='ocrx_word' id='word_1_145' title='bbox 1622 2764 1704 2831; x_wconf 90' lang='lat' dir='ltr'>ante</span> <span class='ocrx_word' id='word_1_146' title='bbox 1730 2780 1810 2831; x_wconf 91' lang='lat' dir='ltr'>can·</span> 
     </span>
     <span class='ocr_line' id='line_1_18' title="bbox 285 2872 1811 2974; baseline 0.001 -23"><span class='ocrx_word' id='word_1_147' title='bbox 285 2886 363 2951; x_wconf 87' lang='lat' dir='ltr'>tum</span> <span class='ocrx_word' id='word_1_148' title='bbox 390 2899 499 2949; x_wconf 88' lang='lat' dir='ltr'>annos</span> <span class='ocrx_word' id='word_1_149' title='bbox 522 2872 728 2972; x_wconf 88' lang='lat' dir='ltr'>requirebat.</span> <span class='ocrx_word' id='word_1_150' title='bbox 765 2875 907 2952; x_wconf 82' lang='lat' dir='ltr'>Quanta</span> <span class='ocrx_word' id='word_1_151' title='bbox 930 2875 997 2949; x_wconf 82' lang='lat' dir='ltr'>fuir</span> <span class='ocrx_word' id='word_1_152' title='bbox 1020 2874 1112 2949; x_wconf 88' lang='lat' dir='ltr'>iltius</span> <span class='ocrx_word' id='word_1_153' title='bbox 1133 2877 1297 2974; x_wconf 87' lang='lat' dir='ltr'>temporis</span> <span class='ocrx_word' id='word_1_154' title='bbox 1321 2877 1502 2974; x_wconf 89' lang='lat' dir='ltr'>pauperies</span> <span class='ocrx_word' id='word_1_155' title='bbox 1527 2877 1661 2952; x_wconf 87' lang='lat' dir='ltr'>sicum</span> <span class='ocrx_word' id='word_1_156' title='bbox 1685 2877 1811 2952; x_wconf 88' lang='lat' dir='ltr'>nostris</span> 
     </span>
     <span class='ocr_line' id='line_1_19' title="bbox 285 2994 1811 3096; baseline -0.001 -25"><span class='ocrx_word' id='word_1_157' title='bbox 285 2995 392 3096; x_wconf 87' lang='lat' dir='ltr'>copiis</span> <span class='ocrx_word' id='word_1_158' title='bbox 420 3001 649 3093; x_wconf 90' lang='lat' dir='ltr'>comparatur.</span> <span class='ocrx_word' id='word_1_159' title='bbox 701 2994 798 3071; x_wconf 87' lang='lat' dir='ltr'>Quid</span> <span class='ocrx_word' id='word_1_160' title='bbox 821 2994 886 3068; x_wconf 90' lang='lat' dir='ltr'>erit</span> <span class='ocrx_word' id='word_1_161' title='bbox 916 2995 946 3068; x_wconf 90' lang='lat' dir='ltr'>si</span> <span class='ocrx_word' id='word_1_162' title='bbox 969 2996 1027 3070; x_wconf 90' lang='lat' dir='ltr'>alii</span> <span class='ocrx_word' id='word_1_163' title='bbox 1050 3004 1191 3070; x_wconf 89' lang='lat' dir='ltr'>centum</span> <span class='ocrx_word' id='word_1_164' title='bbox 1219 2995 1301 3070; x_wconf 91' lang='lat' dir='ltr'>anni</span> <span class='ocrx_word' id='word_1_165' title='bbox 1324 2994 1584 3093; x_wconf 80' lang='lat' dir='ltr'>praeterierint?</span> <span class='ocrx_word' id='word_1_166' title='bbox 1634 2995 1704 3069; x_wconf 87' lang='lat' dir='ltr'>Sed</span> <span class='ocrx_word' id='word_1_167' title='bbox 1731 2996 1811 3072; x_wconf 90' lang='lat' dir='ltr'>nolo</span> 
     </span>
    </p>
   </div>
   <div class='ocr_carea' id='block_1_3' title="bbox 179 3093 1943 3933">
    <p class='ocr_par' dir='ltr' id='par_1_5' title="bbox 179 3093 1811 3550">
     <span class='ocr_line' id='line_1_20' title="bbox 288 3093 1810 3214; baseline 0 -24"><span class='ocrx_word' id='word_1_168' title='bbox 288 3117 331 3190; x_wconf 92' lang='lat' dir='ltr'>de</span> <span class='ocrx_word' id='word_1_169' title='bbox 355 3114 482 3189; x_wconf 80' lang='lat' dir='ltr'>futuris</span> <span class='ocrx_word' id='word_1_170' title='bbox 504 3111 676 3212; x_wconf 89' lang='lat' dir='ltr'>augurari.</span> <span class='ocrx_word' id='word_1_171' title='bbox 728 3112 982 3190; x_wconf 82' lang='lat' dir='ltr'>Conserventur</span> <span class='ocrx_word' id='word_1_172' title='bbox 1007 3140 1096 3214; x_wconf 89' lang='lat' dir='ltr'>quaa</span> <span class='ocrx_word' id='word_1_173' title='bbox 1124 3101 1328 3202; x_wconf 59' lang='lat' dir='ltr'>babemus,</span> <span class='ocrx_word' id='word_1_174' title='bbox 1349 3115 1522 3190; x_wconf 88' lang='lat' dir='ltr'>addantur</span> <span class='ocrx_word' id='word_1_175' title='bbox 1554 3140 1643 3214; x_wconf 90' lang='lat' dir='ltr'>quae</span> <span class='ocrx_word' id='word_1_176' title='bbox 1658 3093 1810 3190; x_wconf 15' lang='lat' dir='ltr'>»desida-</span> 
     </span>
     <span class='ocr_line' id='line_1_21' title="bbox 179 3221 1811 3335; baseline -0.001 -25"><span class='ocrx_word' id='word_1_177' title='bbox 179 3294 182 3300; x_wconf 90' lang='lat'>.</span> <span class='ocrx_word' id='word_1_178' title='bbox 288 3260 406 3310; x_wconf 89' lang='lat' dir='ltr'>ramus</span> <span class='ocrx_word' id='word_1_179' title='bbox 428 3233 570 3335; x_wconf 86' lang='lat' dir='ltr'>provida</span> <span class='ocrx_word' id='word_1_180' title='bbox 593 3221 801 3309; x_wconf 77' lang='lat' dir='ltr'>curatorum</span> <span class='ocrx_word' id='word_1_181' title='bbox 826 3259 926 3324; x_wconf 88' lang='lat' dir='ltr'>eura,</span> <span class='ocrx_word' id='word_1_182' title='bbox 961 3235 1018 3310; x_wconf 91' lang='lat' dir='ltr'>cui</span> <span class='ocrx_word' id='word_1_183' title='bbox 1054 3243 1150 3311; x_wconf 86' lang='lat' dir='ltr'>tanta</span> <span class='ocrx_word' id='word_1_184' title='bbox 1178 3235 1245 3310; x_wconf 90' lang='lat' dir='ltr'>iam</span> <span class='ocrx_word' id='word_1_185' title='bbox 1274 3233 1462 3322; x_wconf 87' lang='lat' dir='ltr'>dabamus,</span> <span class='ocrx_word' id='word_1_186' title='bbox 1489 3242 1524 3307; x_wconf 86' lang='lat' dir='ltr'>at</span> <span class='ocrx_word' id='word_1_187' title='bbox 1556 3232 1643 3308; x_wconf 90' lang='lat' dir='ltr'>nulli</span> <span class='ocrx_word' id='word_1_188' title='bbox 1673 3233 1811 3309; x_wconf 86' lang='lat' dir='ltr'>dubita·</span> 
     </span>
     <span class='ocr_line' id='line_1_22' title="bbox 288 3349 1810 3452; baseline -0.001 -23"><span class='ocrx_word' id='word_1_189' title='bbox 288 3379 389 3442; x_wconf 90' lang='lat' dir='ltr'>mus,</span> <span class='ocrx_word' id='word_1_190' title='bbox 409 3351 631 3428; x_wconf 86' lang='lat' dir='ltr'>Academiam</span> <span class='ocrx_word' id='word_1_191' title='bbox 659 3361 810 3426; x_wconf 88' lang='lat' dir='ltr'>nostram</span> <span class='ocrx_word' id='word_1_192' title='bbox 832 3352 969 3428; x_wconf 90' lang='lat' dir='ltr'>laudem</span> <span class='ocrx_word' id='word_1_193' title='bbox 995 3349 1093 3427; x_wconf 86' lang='lat' dir='ltr'>susm</span> <span class='ocrx_word' id='word_1_194' title='bbox 1119 3353 1209 3427; x_wconf 89' lang='lat' dir='ltr'>tueri</span> <span class='ocrx_word' id='word_1_195' title='bbox 1236 3363 1396 3452; x_wconf 89' lang='lat' dir='ltr'>possset</span> <span class='ocrx_word' id='word_1_196' title='bbox 1419 3352 1700 3443; x_wconf 89' lang='lat' dir='ltr'>tuituramessc,</span> <span class='ocrx_word' id='word_1_197' title='bbox 1725 3352 1810 3429; x_wconf 92' lang='lat' dir='ltr'>dum</span> 
     </span>
     <span class='ocr_line' id='line_1_23' title="bbox 287 3471 1689 3550; baseline 0 -1"><span class='ocrx_word' id='word_1_198' title='bbox 287 3473 450 3550; x_wconf 85' lang='lat' dir='ltr'>scientiae</span> <span class='ocrx_word' id='word_1_199' title='bbox 471 3471 628 3546; x_wconf 91' lang='lat' dir='ltr'>studium</span> <span class='ocrx_word' id='word_1_200' title='bbox 647 3480 684 3545; x_wconf 91' lang='lat' dir='ltr'>et</span> <span class='ocrx_word' id='word_1_201' title='bbox 705 3471 876 3546; x_wconf 90' lang='lat' dir='ltr'>industria</span> <span class='ocrx_word' id='word_1_202' title='bbox 896 3473 1023 3547; x_wconf 87' lang='lat' dir='ltr'>civium</span> <span class='ocrx_word' id='word_1_203' title='bbox 1047 3473 1320 3548; x_wconf 89' lang='lat' dir='ltr'>academicorum</span> <span class='ocrx_word' id='word_1_204' title='bbox 1344 3497 1414 3548; x_wconf 91' lang='lat' dir='ltr'>non</span> <span class='ocrx_word' id='word_1_205' title='bbox 1439 3472 1689 3549; x_wconf 90' lang='lat' dir='ltr'>diminuantur.</span> 
     </span>
    </p>

    <p class='ocr_par' dir='ltr' id='par_1_6' title="bbox 287 3591 1943 3933">
     <span class='ocr_line' id='line_1_24' title="bbox 337 3591 1943 3693; baseline -0.001 -25"><span class='ocrx_word' id='word_1_206' title='bbox 337 3594 415 3669; x_wconf 92' lang='lat' dir='ltr'>Hoc</span> <span class='ocrx_word' id='word_1_207' title='bbox 430 3617 490 3667; x_wconf 86' lang='lat' dir='ltr'>vos</span> <span class='ocrx_word' id='word_1_208' title='bbox 513 3591 696 3680; x_wconf 89' lang='lat' dir='ltr'>curabitis,</span> <span class='ocrx_word' id='word_1_209' title='bbox 722 3592 983 3668; x_wconf 76' lang='lat' dir='ltr'>commilitones</span> <span class='ocrx_word' id='word_1_210' title='bbox 1006 3593 1232 3693; x_wconf 86' lang='lat' dir='ltr'>optatissimi,</span> <span class='ocrx_word' id='word_1_211' title='bbox 1258 3594 1320 3691; x_wconf 90' lang='lat' dir='ltr'>qui</span> <span class='ocrx_word' id='word_1_212' title='bbox 1345 3593 1408 3669; x_wconf 92' lang='lat' dir='ltr'>boc</span> <span class='ocrx_word' id='word_1_213' title='bbox 1432 3617 1571 3692; x_wconf 91' lang='lat' dir='ltr'>quoque</span> <span class='ocrx_word' id='word_1_214' title='bbox 1591 3617 1682 3692; x_wconf 85' lang='lat' dir='ltr'>anno</span> <span class='ocrx_word' id='word_1_215' title='bbox 1702 3592 1811 3668; x_wconf 88' lang='lat' dir='ltr'>scien·</span> <span class='ocrx_word' id='word_1_216' title='bbox 1941 3619 1943 3622; x_wconf 90' lang='lat'>·</span> 
     </span>
     <span class='ocr_line' id='line_1_25' title="bbox 287 3710 1810 3799; baseline -0.003 -11"><span class='ocrx_word' id='word_1_217' title='bbox 287 3715 355 3790; x_wconf 88' lang='lat' dir='ltr'>tiae</span> <span class='ocrx_word' id='word_1_218' title='bbox 381 3723 416 3788; x_wconf 91' lang='lat' dir='ltr'>at</span> <span class='ocrx_word' id='word_1_219' title='bbox 447 3711 680 3788; x_wconf 90' lang='lat' dir='ltr'>doctrinarum</span> <span class='ocrx_word' id='word_1_220' title='bbox 711 3735 862 3786; x_wconf 88' lang='lat' dir='ltr'>amorem</span> <span class='ocrx_word' id='word_1_221' title='bbox 891 3710 1172 3799; x_wconf 85' lang='lat' dir='ltr'>demonstrastis,</span> <span class='ocrx_word' id='word_1_222' title='bbox 1199 3711 1353 3786; x_wconf 87' lang='lat' dir='ltr'>moribus</span> <span class='ocrx_word' id='word_1_223' title='bbox 1381 3719 1417 3786; x_wconf 93' lang='lat' dir='ltr'>et</span> <span class='ocrx_word' id='word_1_224' title='bbox 1452 3711 1577 3786; x_wconf 90' lang='lat' dir='ltr'>studiis</span> <span class='ocrx_word' id='word_1_225' title='bbox 1606 3711 1726 3785; x_wconf 85' lang='lat' dir='ltr'>vestris</span> <span class='ocrx_word' id='word_1_226' title='bbox 1749 3735 1810 3785; x_wconf 92' lang='lat' dir='ltr'>no·</span> 
     </span>
     <span class='ocr_line' id='line_1_26' title="bbox 288 3830 1811 3933; baseline -0.002 -25"><span class='ocrx_word' id='word_1_227' title='bbox 288 3859 368 3909; x_wconf 91' lang='lat' dir='ltr'>men</span> <span class='ocrx_word' id='word_1_228' title='bbox 391 3842 428 3908; x_wconf 89' lang='lat' dir='ltr'>et</span> <span class='ocrx_word' id='word_1_229' title='bbox 447 3833 592 3933; x_wconf 88' lang='lat' dir='ltr'>gloriam</span> <span class='ocrx_word' id='word_1_230' title='bbox 620 3832 701 3907; x_wconf 86' lang='lat' dir='ltr'>tuiti</span> <span class='ocrx_word' id='word_1_231' title='bbox 725 3832 808 3906; x_wconf 91' lang='lat' dir='ltr'>estis</span> <span class='ocrx_word' id='word_1_232' title='bbox 832 3840 967 3906; x_wconf 92' lang='lat' dir='ltr'>nostrae</span> <span class='ocrx_word' id='word_1_233' title='bbox 995 3831 1139 3906; x_wconf 90' lang='lat' dir='ltr'>scholae.</span> <span class='ocrx_word' id='word_1_234' title='bbox 1173 3830 1317 3906; x_wconf 90' lang='lat' dir='ltr'>Utinam</span> <span class='ocrx_word' id='word_1_235' title='bbox 1338 3831 1396 3905; x_wconf 91' lang='lat' dir='ltr'>ills</span> <span class='ocrx_word' id='word_1_236' title='bbox 1420 3830 1614 3928; x_wconf 85' lang='lat' dir='ltr'>frequentia</span> <span class='ocrx_word' id='word_1_237' title='bbox 1634 3840 1670 3905; x_wconf 89' lang='lat' dir='ltr'>et</span> <span class='ocrx_word' id='word_1_238' title='bbox 1690 3831 1811 3905; x_wconf 89' lang='lat' dir='ltr'>ardore</span> 
     </span>
    </p>
   </div>
   <div class='ocr_carea' id='block_1_4' title="bbox 289 3950 1812 4170">
    <p class='ocr_par' dir='ltr' id='par_1_7' title="bbox 289 3950 1812 4170">
     <span class='ocr_line' id='line_1_27' title="bbox 290 3950 1812 4052; baseline -0.004 -22"><span class='ocrx_word' id='word_1_239' title='bbox 290 3955 496 4030; x_wconf 87' lang='lat' dir='ltr'>discentium</span> <span class='ocrx_word' id='word_1_240' title='bbox 528 3953 648 4027; x_wconf 84' lang='lat' dir='ltr'>florere</span> <span class='ocrx_word' id='word_1_241' title='bbox 678 3960 819 4052; x_wconf 89' lang='lat' dir='ltr'>pergat,</span> <span class='ocrx_word' id='word_1_242' title='bbox 853 3959 889 4024; x_wconf 89' lang='lat' dir='ltr'>et</span> <span class='ocrx_word' id='word_1_243' title='bbox 914 3950 1042 4026; x_wconf 87' lang='lat' dir='ltr'>laetum</span> <span class='ocrx_word' id='word_1_244' title='bbox 1069 3959 1273 4051; x_wconf 87' lang='lat' dir='ltr'>proventum</span> <span class='ocrx_word' id='word_1_245' title='bbox 1305 3950 1428 4024; x_wconf 89' lang='lat' dir='ltr'>reddat</span> <span class='ocrx_word' id='word_1_246' title='bbox 1450 3950 1592 4052; x_wconf 88' lang='lat' dir='ltr'>patriae.</span> <span class='ocrx_word' id='word_1_247' title='bbox 1641 3951 1812 4050; x_wconf 82' lang='lat' dir='ltr'>Magnas</span> 
     </span>
     <span class='ocr_line' id='line_1_28' title="bbox 289 4069 1810 4170; baseline -0.004 -22"><span class='ocrx_word' id='word_1_248' title='bbox 289 4077 407 4165; x_wconf 87' lang='lat' dir='ltr'>vobis,</span> <span class='ocrx_word' id='word_1_249' title='bbox 441 4073 702 4150; x_wconf 82' lang='lat' dir='ltr'>Commilitones</span> <span class='ocrx_word' id='word_1_250' title='bbox 724 4072 951 4160; x_wconf 88' lang='lat' dir='ltr'>ornatissimi,</span> <span class='ocrx_word' id='word_1_251' title='bbox 989 4079 1250 4170; x_wconf 83' lang='lat' dir='ltr'>exspectantur,</span> <span class='ocrx_word' id='word_1_252' title='bbox 1286 4071 1321 4142; x_wconf 92' lang='lat' dir='ltr'>in</span> <span class='ocrx_word' id='word_1_253' title='bbox 1350 4069 1446 4144; x_wconf 89' lang='lat' dir='ltr'>vobis</span> <span class='ocrx_word' id='word_1_254' title='bbox 1470 4093 1566 4169; x_wconf 88' lang='lat' dir='ltr'>spem</span> <span class='ocrx_word' id='word_1_255' title='bbox 1591 4092 1690 4143; x_wconf 88' lang='lat' dir='ltr'>suam</span> <span class='ocrx_word' id='word_1_256' title='bbox 1713 4091 1810 4166; x_wconf 92' lang='lat' dir='ltr'>rcpo·</span> 
     </span>
    </p>
   </div>
   <div class='ocr_carea' id='block_1_5' title="bbox 289 4187 1946 4294">
    <p class='ocr_par' dir='ltr' id='par_1_8' title="bbox 289 4187 1946 4294">
     <span class='ocr_line' id='line_1_29' title="bbox 289 4187 1946 4294; baseline -0.001 -24"><span class='ocrx_word' id='word_1_257' title='bbox 289 4197 390 4271; x_wconf 88' lang='lat' dir='ltr'>sitam</span> <span class='ocrx_word' id='word_1_258' title='bbox 425 4194 531 4270; x_wconf 91' lang='lat' dir='ltr'>babet</span> <span class='ocrx_word' id='word_1_259' title='bbox 563 4193 692 4294; x_wconf 90' lang='lat' dir='ltr'>patria,</span> <span class='ocrx_word' id='word_1_260' title='bbox 725 4219 767 4268; x_wconf 84' lang='lat' dir='ltr'>ex</span> <span class='ocrx_word' id='word_1_261' title='bbox 801 4193 897 4266; x_wconf 84' lang='lat' dir='ltr'>vobis</span> <span class='ocrx_word' id='word_1_262' title='bbox 934 4217 1015 4267; x_wconf 91' lang='lat' dir='ltr'>suos</span> <span class='ocrx_word' id='word_1_263' title='bbox 1048 4216 1250 4292; x_wconf 88' lang='lat' dir='ltr'>progressus</span> <span class='ocrx_word' id='word_1_264' title='bbox 1287 4199 1400 4289; x_wconf 88' lang='lat' dir='ltr'>sperat</span> <span class='ocrx_word' id='word_1_265' title='bbox 1437 4188 1591 4265; x_wconf 87' lang='lat' dir='ltr'>scientia.</span> <span class='ocrx_word' id='word_1_266' title='bbox 1640 4187 1813 4263; x_wconf 85' lang='lat' dir='ltr'>Homines</span> <span class='ocrx_word' id='word_1_267' title='bbox 1941 4264 1946 4268; x_wconf 82' lang='lat'>.</span> 
     </span>
    </p>
   </div>
   <div class='ocr_carea' id='block_1_6' title="bbox 289 4309 1813 4902">
    <p class='ocr_par' dir='ltr' id='par_1_9' title="bbox 289 4309 1813 4902">
     <span class='ocr_line' id='line_1_30' title="bbox 290 4309 1813 4411; baseline -0.005 -20"><span class='ocrx_word' id='word_1_268' title='bbox 290 4325 474 4392; x_wconf 85' lang='lat' dir='ltr'>senescunt</span> <span class='ocrx_word' id='word_1_269' title='bbox 506 4323 542 4388; x_wconf 90' lang='lat' dir='ltr'>et</span> <span class='ocrx_word' id='word_1_270' title='bbox 571 4314 784 4402; x_wconf 86' lang='lat' dir='ltr'>moriantur,</span> <span class='ocrx_word' id='word_1_271' title='bbox 817 4313 876 4388; x_wconf 94' lang='lat' dir='ltr'>alii</span> <span class='ocrx_word' id='word_1_272' title='bbox 900 4322 1050 4411; x_wconf 89' lang='lat' dir='ltr'>surgunt</span> <span class='ocrx_word' id='word_1_273' title='bbox 1077 4323 1113 4386; x_wconf 89' lang='lat' dir='ltr'>et</span> <span class='ocrx_word' id='word_1_274' title='bbox 1139 4310 1347 4398; x_wconf 88' lang='lat' dir='ltr'>succedunt,</span> <span class='ocrx_word' id='word_1_275' title='bbox 1373 4317 1413 4385; x_wconf 88' lang='lat' dir='ltr'>ut</span> <span class='ocrx_word' id='word_1_276' title='bbox 1439 4315 1690 4409; x_wconf 89' lang='lat' dir='ltr'>persequantur</span> <span class='ocrx_word' id='word_1_277' title='bbox 1717 4309 1813 4407; x_wconf 94' lang='lat' dir='ltr'>quod</span> 
     </span>
     <span class='ocr_line' id='line_1_31' title="bbox 289 4427 1812 4536; baseline -0.005 -26"><span class='ocrx_word' id='word_1_278' title='bbox 289 4436 341 4512; x_wconf 93' lang='lat' dir='ltr'>illi</span> <span class='ocrx_word' id='word_1_279' title='bbox 365 4435 551 4536; x_wconf 90' lang='lat' dir='ltr'>coeperint.</span> <span class='ocrx_word' id='word_1_280' title='bbox 602 4433 768 4509; x_wconf 90' lang='lat' dir='ltr'>Vestrum</span> <span class='ocrx_word' id='word_1_281' title='bbox 793 4433 859 4508; x_wconf 87' lang='lat' dir='ltr'>erit</span> <span class='ocrx_word' id='word_1_282' title='bbox 879 4433 1059 4534; x_wconf 89' lang='lat' dir='ltr'>persequi,</span> <span class='ocrx_word' id='word_1_283' title='bbox 1085 4432 1180 4531; x_wconf 91' lang='lat' dir='ltr'>quod</span> <span class='ocrx_word' id='word_1_284' title='bbox 1200 4457 1263 4508; x_wconf 90' lang='lat' dir='ltr'>nos</span> <span class='ocrx_word' id='word_1_285' title='bbox 1283 4427 1422 4506; x_wconf 72' lang='lat' dir='ltr'>mutum</span> <span class='ocrx_word' id='word_1_286' title='bbox 1444 4429 1647 4528; x_wconf 88' lang='lat' dir='ltr'>incepimus.</span> <span class='ocrx_word' id='word_1_287' title='bbox 1697 4427 1736 4502; x_wconf 88' lang='lat' dir='ltr'>Si</span> <span class='ocrx_word' id='word_1_288' title='bbox 1759 4427 1812 4502; x_wconf 87' lang='lat' dir='ltr'>via</span> 
     </span>
     <span class='ocr_line' id='line_1_32' title="bbox 291 4547 1811 4653; baseline -0.005 -23"><span class='ocrx_word' id='word_1_289' title='bbox 291 4556 525 4630; x_wconf 84' lang='lat' dir='ltr'>demonstrata</span> <span class='ocrx_word' id='word_1_290' title='bbox 554 4562 628 4643; x_wconf 87' lang='lat' dir='ltr'>est,</span> <span class='ocrx_word' id='word_1_291' title='bbox 663 4577 722 4629; x_wconf 89' lang='lat' dir='ltr'>vos</span> <span class='ocrx_word' id='word_1_292' title='bbox 743 4579 820 4630; x_wconf 85' lang='lat' dir='ltr'>eam</span> <span class='ocrx_word' id='word_1_293' title='bbox 841 4553 1105 4653; x_wconf 88' lang='lat' dir='ltr'>ingrediamini,</span> <span class='ocrx_word' id='word_1_294' title='bbox 1139 4561 1180 4627; x_wconf 91' lang='lat' dir='ltr'>ut</span> <span class='ocrx_word' id='word_1_295' title='bbox 1207 4551 1311 4627; x_wconf 88' lang='lat' dir='ltr'>saluti</span> <span class='ocrx_word' id='word_1_296' title='bbox 1327 4551 1516 4635; x_wconf 64' lang='lat' dir='ltr'>,hominum</span> <span class='ocrx_word' id='word_1_297' title='bbox 1544 4556 1579 4623; x_wconf 93' lang='lat' dir='ltr'>et</span> <span class='ocrx_word' id='word_1_298' title='bbox 1603 4547 1693 4623; x_wconf 88' lang='lat' dir='ltr'>vitae</span> <span class='ocrx_word' id='word_1_299' title='bbox 1718 4572 1811 4636; x_wconf 87' lang='lat' dir='ltr'>com·</span> 
     </span>
     <span class='ocr_line' id='line_1_33' title="bbox 291 4669 1813 4775; baseline -0.005 -25"><span class='ocrx_word' id='word_1_300' title='bbox 291 4675 423 4764; x_wconf 88' lang='lat' dir='ltr'>modis,</span> <span class='ocrx_word' id='word_1_301' title='bbox 450 4684 491 4750; x_wconf 91' lang='lat' dir='ltr'>ut</span> <span class='ocrx_word' id='word_1_302' title='bbox 514 4675 662 4775; x_wconf 88' lang='lat' dir='ltr'>patriae,</span> <span class='ocrx_word' id='word_1_303' title='bbox 693 4685 732 4748; x_wconf 92' lang='lat' dir='ltr'>ut</span> <span class='ocrx_word' id='word_1_304' title='bbox 754 4673 932 4762; x_wconf 88' lang='lat' dir='ltr'>scientiae,</span> <span class='ocrx_word' id='word_1_305' title='bbox 949 4681 988 4747; x_wconf 89' lang='lat' dir='ltr'>ut</span> <span class='ocrx_word' id='word_1_306' title='bbox 1000 4673 1155 4748; x_wconf 84' lang='lat' dir='ltr'>felicitati</span> <span class='ocrx_word' id='word_1_307' title='bbox 1178 4673 1334 4747; x_wconf 89' lang='lat' dir='ltr'>omnium</span> <span class='ocrx_word' id='word_1_308' title='bbox 1357 4672 1519 4771; x_wconf 86' lang='lat' dir='ltr'>prodesse</span> <span class='ocrx_word' id='word_1_309' title='bbox 1543 4669 1693 4770; x_wconf 87' lang='lat' dir='ltr'>possitis.</span> <span class='ocrx_word' id='word_1_310' title='bbox 1735 4669 1813 4743; x_wconf 90' lang='lat' dir='ltr'>Hoc</span> 
     </span>
     <span class='ocr_line' id='line_1_34' title="bbox 292 4788 1812 4902; baseline -0.005 -32"><span class='ocrx_word' id='word_1_311' title='bbox 292 4795 359 4870; x_wconf 89' lang='lat' dir='ltr'>iam</span> <span class='ocrx_word' id='word_1_312' title='bbox 395 4795 552 4871; x_wconf 90' lang='lat' dir='ltr'>nonnulli</span> <span class='ocrx_word' id='word_1_313' title='bbox 578 4805 729 4870; x_wconf 89' lang='lat' dir='ltr'>vestrum</span> <span class='ocrx_word' id='word_1_314' title='bbox 753 4795 929 4902; x_wconf 72' lang='lat' dir='ltr'>lpeernnt,</span> <span class='ocrx_word' id='word_1_315' title='bbox 955 4794 1036 4892; x_wconf 90' lang='lat' dir='ltr'>qui,</span> <span class='ocrx_word' id='word_1_316' title='bbox 1064 4803 1104 4869; x_wconf 90' lang='lat' dir='ltr'>ut</span> <span class='ocrx_word' id='word_1_317' title='bbox 1127 4819 1228 4894; x_wconf 86' lang='lat' dir='ltr'>opem</span> <span class='ocrx_word' id='word_1_318' title='bbox 1256 4792 1383 4868; x_wconf 81' lang='lat' dir='ltr'>ferrent</span> <span class='ocrx_word' id='word_1_319' title='bbox 1407 4791 1593 4867; x_wconf 88' lang='lat' dir='ltr'>vulneratis</span> <span class='ocrx_word' id='word_1_320' title='bbox 1619 4796 1656 4862; x_wconf 89' lang='lat' dir='ltr'>et</span> <span class='ocrx_word' id='word_1_321' title='bbox 1678 4788 1812 4888; x_wconf 83' lang='lat' dir='ltr'>aegris,</span> 
     </span>
    </p>
   </div>
   <div class='ocr_carea' id='block_1_7' title="bbox 292 4905 1812 5103">
    <p class='ocr_par' dir='ltr' id='par_1_10' title="bbox 292 4905 1812 5103">
     <span class='ocr_line' id='line_1_35' title="bbox 292 4905 1812 5015; baseline -0.003 -27"><span class='ocrx_word' id='word_1_322' title='bbox 292 4939 356 4990; x_wconf 90' lang='lat' dir='ltr'>nec</span> <span class='ocrx_word' id='word_1_323' title='bbox 378 4915 459 4991; x_wconf 89' lang='lat' dir='ltr'>belli</span> <span class='ocrx_word' id='word_1_324' title='bbox 489 4915 648 5015; x_wconf 88' lang='lat' dir='ltr'>periculis</span> <span class='ocrx_word' id='word_1_325' title='bbox 683 4939 746 4992; x_wconf 90' lang='lat' dir='ltr'>nea</span> <span class='ocrx_word' id='word_1_326' title='bbox 776 4938 949 4990; x_wconf 88' lang='lat' dir='ltr'>armorum</span> <span class='ocrx_word' id='word_1_327' title='bbox 984 4914 1130 5015; x_wconf 91' lang='lat' dir='ltr'>strepitu</span> <span class='ocrx_word' id='word_1_328' title='bbox 1159 4939 1198 4996; x_wconf 85' lang='lat' dir='ltr'>se</span> <span class='ocrx_word' id='word_1_329' title='bbox 1229 4913 1392 4988; x_wconf 87' lang='lat' dir='ltr'>deterreri</span> <span class='ocrx_word' id='word_1_330' title='bbox 1415 4912 1508 5013; x_wconf 89' lang='lat' dir='ltr'>passi</span> <span class='ocrx_word' id='word_1_331' title='bbox 1535 4917 1637 4997; x_wconf 89' lang='lat' dir='ltr'>sunt,</span> <span class='ocrx_word' id='word_1_332' title='bbox 1663 4905 1725 4981; x_wconf 90' lang='lat' dir='ltr'>sed</span> <span class='ocrx_word' id='word_1_333' title='bbox 1752 4931 1812 5005; x_wconf 90' lang='lat' dir='ltr'>pa·</span> 
     </span>
     <span class='ocr_line' id='line_1_36' title="bbox 537 5031 1618 5103; baseline -0.005 5"><span class='ocrx_word' id='word_1_334' title='bbox 537 5037 541 5044; x_wconf 85' lang='lat'>&#39;</span> <span class='ocrx_word' id='word_1_335' title='bbox 1595 5031 1618 5103; x_wconf 91' lang='grc'>9</span> 
     </span>
    </p>
   </div>
   <div class='ocr_carea' id='block_1_8' title="bbox 0 0 2506 6276">
    <p class='ocr_par' dir='ltr' id='par_1_11' title="bbox 0 0 2506 6276">
     <span class='ocr_line' id='line_1_37' title="bbox 0 0 2506 6276; baseline 0 0"><span class='ocrx_word' id='word_1_336' title='bbox 0 0 2506 6276; x_wconf 95' lang='lat' dir='ltr'> </span> 
     </span>
    </p>
   </div>
  </div>
 </body>
</html>
