4944 6288
642 733 688 799 81
1144 731 1365 797 ruurcrr
1400 728 1667 798 ouuluun.

645 940 762 1014 minus
784 935 897 1012 lucide
918 944 955 1008 et
975 935 1162 1012 ordinatim
1190 936 1352 1011 disseruit
1376 935 1539 1036 Scriptcr,
1563 961 1669 1035 quam
1700 937 1736 1011 in
1769 938 1896 1025 altere,
1930 939 1991 1016 ubi
2014 940 2169 1043 singulo·

644 1084 722 1134 rum
747 1064 987 1134 contractuum
1012 1063 1171 1132 naturam
1194 1057 1354 1156 exposuit
1375 1057 1424 1130 ita
1448 1055 1631 1155 diligenter
1655 1049 1866 1157 etcopiose,
1902 1068 1942 1137 ut
1966 1061 2168 1162 diligentius

645 1187 681 1253 et
704 1176 875 1276 copiosius
900 1202 921 1256 a
945 1177 1071 1252 iuvene
1095 1178 1268 1277 expectari
1294 1177 1349 1250 vix
1375 1178 1495 1275 possit.

693 1299 814 1372 Altera
834 1299 1109 1386 Commentario,
1131 1299 1327 1396 symbolum
1352 1296 1502 1371 hebens:
1531 1298 1656 1372 Ἰασέα
1676 1304 1729 1373 est
1747 1298 1866 1384 olco,''
1889 1297 2000 1376 formu
2022 1325 2059 1376 se
2078 1325 2169 1378 conr·
2198 1294 2200 1304 ’

647 1417 788 1492 mandat
812 1425 848 1490 et
871 1418 1043 1492 scribendi
1069 1418 1209 1492 ratione.
1262 1418 1332 1492 Hic
1357 1441 1497 1515 quoque
1524 1417 1687 1516 Scriptus,
1713 1424 1898 1516 postquam
1923 1420 2035 1516 cupite
2061 1421 2173 1518 primo

646 1538 690 1611 de
727 1537 960 1611 contractibus
994 1537 1164 1611 aleatoriis
1202 1537 1238 1611 in
1269 1561 1395 1637 genere
1429 1536 1638 1635 disputavit,
1674 1537 1830 1634 quinque
1864 1538 2091 1637 sequentibus
2128 1540 2172 1615 de

646 1656 791 1756 singulis
817 1680 936 1730 eorum
965 1657 1037 1756 egit
1071 1657 1263 1756 speciebus.
1314 1657 1382 1732 Sed
1415 1681 1478 1731 nec
1505 1656 1627 1732 eadem
1663 1681 1731 1756 qua
1756 1655 1914 1732 aemulus
1936 1660 2108 1734 industria
2133 1661 2169 1734 in

645 1778 790 1852 aliorum
813 1777 857 1850 de
883 1777 947 1851 hoc
972 1787 1178 1876 argumento
1211 1775 1493 1876 investigationes
1524 1775 1724 1875 inquisivit,
1760 1802 1823 1852 nec
1857 1779 1977 1852 eodem
2012 1781 2171 1854 acumine

646 1895 883 1994 quaestionem
919 1895 1086 1969 tractavit.
1138 1897 1181 1968 In
1213 1895 1411 1969 definitione
1440 1901 1576 1982 autem,
1613 1919 1718 1993 quam
1754 1897 1952 1997 proposuit,
1987 1923 2056 1973 non
2088 1899 2172 1974 satis

647 2014 872 2114 significavit,
907 2014 993 2111 quid
1028 2014 1219 2088 intercedat
1253 2014 1460 2088 discriminis
1495 2013 1740 2112 obligationem
1777 2017 1974 2093 aleatorium
2013 2019 2102 2093 inter
2137 2025 2172 2092 et

644 2133 893 2233 obligationem
924 2133 1223 2220 conditionalem,
1265 2137 1370 2232 inque
1415 2134 1629 2232 singulorum
1675 2144 1914 2211 contractuum
1958 2139 2172 2237 expositione

645 2253 814 2352 quaedam
841 2251 951 2350 magis
974 2251 1091 2351 attigit
1120 2276 1225 2351 quam
1254 2254 1469 2352 explanavit,
1495 2277 1558 2327 nee
1584 2278 1718 2352 semper
1750 2255 1838 2329 bene
1866 2255 2028 2331 distinxit
2053 2259 2171 2358 singu·

645 2373 757 2447 larum
780 2370 1034 2469 obligationum
1061 2381 1221 2448 naturam
1246 2383 1282 2450 et
1305 2373 1459 2448 effectus.

693 2492 790 2565 Ordo
823 2500 1005 2589 utramque
1040 2491 1376 2567 Commentationem
1411 2493 1482 2567 suis
1515 2491 1677 2567 laudibus
1711 2491 1865 2590 insignes
1891 2519 1966 2568 esse
1993 2497 2168 2572 iudicavit.

645 2610 801 2712 Uterque
828 2612 980 2716 Scriptor
1008 2620 1044 2685 et
1071 2611 1245 2688 doctrinae
1274 2611 1371 2710 copia
1405 2625 1441 2686 et
1478 2611 1679 2711 disputandi
1714 2611 1905 2687 subtilitate
1932 2638 1968 2687 se
1995 2638 2170 2689 commen·

646 2731 722 2821 dub
750 2740 896 2836 uterque
917 2741 1164 2834 argumentum
1185 2757 1226 2805 ex
1252 2735 1325 2806 iure
1350 2732 1514 2808 hodierno
1537 2730 1674 2806 difficile
1695 2738 1730 2804 et
1750 2730 1819 2804 lete
1840 2742 1963 2831 patens
1988 2733 2171 2834 diligenter

646 2859 681 2924 et
706 2850 808 2948 plene
836 2851 1007 2948 exposuit.
1059 2854 1180 2930 Quum
1216 2861 1330 2926 tamen
1363 2853 1454 2951 prior
1482 2851 1736 2927 Commentatio
1763 2851 1949 2950 posteriore
1974 2853 2068 2929 baud
2101 2877 2169 2928 uuo

645 2971 784 3046 nomine
809 2979 980 3068 praestet,
1012 2970 1105 3045 illem
1135 2995 1279 3045 nummo
1312 2997 1435 3060 aureo,
1473 2972 1561 3046 hanc
1584 2969 1699 3049 leudis
1724 2969 1921 3046 testimonio
1941 2972 2168 3046 condecoran-

646 3091 724 3167 dem
751 3090 885 3166 censuit
910 3090 1018 3166 Ordo.
1069 3094 1200 3189 Aperta
1227 3091 1348 3190 prioris
1373 3090 1683 3170 Commentationis
1706 3089 1865 3180 scedula,
1895 3115 2018 3168 nomen
2043 3091 2169 3190 prodiit

646 3211 868 3288 ornatissimi
1486 3203 1492 3216 ’
1640 3284 1644 3289 .

1120 3329 1263 3396 ΜΔΒΙΝῚ
1280 3327 1477 3388 ΤΗΕΟΒΟΒΙ
1494 3326 1696 3396 uouuuiss'r.

1137 3425 1203 3475 Ιώ
1219 3426 1246 3474 ivr
1262 3424 1394 3477 Asabaia
1411 3425 1525 3476 utone
1542 3423 1680 3476 Candidati.

696 3532 849 3609 Alterius
875 3556 952 3610 vero
979 3533 1184 3635 Scriptorem
1212 3560 1247 3610 se
1274 3561 1348 3610 esse
1374 3537 1547 3634 protessus
1571 3545 1624 3607 est
1650 3531 1902 3609 Ornatissimus

1104 3673 1337 3748 TARQUINTUB
1354 3673 1548 3734 IOHANNES
1565 3669 1708 3742 ΝΟῚΟΝ,

1029 3768 1096 3820 luris
1111 3771 1138 3820 in
1154 3771 1277 3823 Athenaeo
1293 3771 1390 3822 illustri
1406 3769 1619 3824 muamus·
1637 3763 1796 3820 caedisvae.
