4984 6286
1047 773 1048 776 ,
1149 724 1670 794 ruulcllonnrnurr.
1802 777 1804 782 ,

1378 979 1442 1056 IV.

1141 1195 1278 1270 ORDO
1304 1194 1683 1272 THEOLOGORUM

646 1414 691 1488 nd
716 1413 954 1512 quaestionem
979 1413 1209 1512 propositam:

699 1535 902 1610 rLaurantii
920 1533 1042 1608 Vallue
1065 1533 1134 1608 vita
1161 1543 1266 1630 atque
1292 1533 1415 1608 merita
1439 1534 1489 1608 ita
1513 1542 1742 1634 exponantur,
1769 1544 1808 1609 nt
1833 1559 1911 1610 vera
1934 1535 2176 1626 Humanismi,

516 1721 517 1724 ,
646 1653 709 1752 qni
734 1660 819 1727 tunc
844 1652 973 1751 viguit,
998 1650 1132 1725 indoles
1159 1651 1264 1727 simul
1287 1652 1502 1728 illustretur’'

696 1774 767 1849 duo
807 1797 973 1872 responsa
1006 1772 1157 1870 accepit,
1191 1770 1338 1845 alterum
1369 1771 1526 1870 symbolo
1557 1771 1783 1871 insignitum:
1831 1776 1891 1850 rSi
1925 1777 2052 1851 desunt
2089 1778 2176 1852 vires

646 1905 762 1970 tamen
805 1905 858 1969 est
903 1894 1078 1970 laudanda
1118 1893 1276 1966 voluntas
1288 1893 1322 1980 ;''
1363 1892 1531 1980 alterum,
1578 1891 1641 1967 hos
1676 1918 1794 1970 sersus
1832 1896 1950 1971 Ovidii
1986 1895 2024 1970 in
2066 1895 2178 1971 lronte

645 2041 787 2116 gerens:

981 2134 1039 2214 ,Si
1061 2157 1123 2220 qna
1145 2134 1221 2200 meis
1242 2133 1374 2215 fuerint,
1398 2139 1434 2200 nt
1456 2141 1548 2202 erunt
1555 2185 1566 2216 ,
1589 2136 1701 2202 vitiosa
1721 2135 1856 2218 libellis,

1024 2243 1179 2310 Excussis
1200 2265 1258 2310 suo
1280 2249 1431 2332 tempore,
1453 2245 1560 2327 lactor,
1584 2245 1700 2312 habel*
2174 2333 2177 2340 Ι

696 2375 824 2448 Prioris
860 2375 1014 2474 responsi
1052 2376 1207 2475 Scriptor
1244 2375 1417 2451 Facultati
1458 2401 1581 2474 parum
1618 2377 1794 2453 satisfacit.
1860 2380 2074 2478 Quanquam
2108 2402 2177 2452 nou

647 2494 759 2570 solum
785 2495 964 2570 Iaursntii
985 2495 1107 2569 Vallae
1135 2495 1196 2569 sed
1228 2495 1373 2570 aliorum
1397 2521 1537 2596 quoque
1560 2497 1851 2574 Humanistarum
1879 2499 1972 2574 lacta
1990 2524 2031 2574 ec
2052 2499 2180 2598 scripta

646 2616 946 2704 commemoravit,
976 2615 1189 2714 quaestionis
1214 2614 1389 2690 cardinem
1414 2614 1526 2688 obiter
1545 2623 1683 2690 tantum
1706 2617 1843 2715 attigit,
1870 2641 1911 2692 ac
1933 2617 2075 2692 conatui
2102 2641 2175 2692 mc·

647 2734 712 2810 rita
733 2735 853 2810 Vallae
874 2733 981 2834 probs
1003 2761 1043 2810 ao
1064 2736 1130 2810 rite
1152 2735 1359 2811 aestimandi
1383 2745 1418 2809 et
1441 2734 1653 2810 diiudicandi
1677 2760 1818 2833 prorsus
1841 2735 1893 2812 illi
1916 2737 2005 2813 vires
2028 2737 2179 2812 doluisse

629 2854 818 2948 ridentur.
869 2857 1092 2955 Quapropter
1123 2865 1259 2956 praeter
1288 2855 1499 2931 laudabilem
1534 2856 1747 2932 voluntatem
1779 2881 1820 2932 ac
1849 2857 2057 2934 industrium
2085 2858 2180 2934 haud

646 2975 756 3049 multa
782 2975 835 3049 vel
859 3000 987 3073 magna
1012 2977 1186 3052 lundunda
1209 2977 1247 3050 in
1274 2977 1337 3050 hac
1362 2975 1609 3074 scriptiuncula
1635 2978 1786 3077 repperit
1810 2977 1981 3052 Facultas.

694 3095 790 3170 Huic
827 3121 906 3171 vero
940 3097 1043 3194 longe
1078 3097 1279 3172 antecelluit
1316 3097 1463 3171 alterum
1503 3120 1718 3195 responsum.
1771 3098 1810 3170 ln
1844 3097 1986 3196 optimis
2023 3095 2180 3172 lontibus

645 3213 874 3313 indagandis,
918 3215 1140 3292 consulendis
1169 3229 1289 3315 ¹atque
1332 3215 1542 3292 adhibendis
1577 3217 1710 3292 Auctor
1747 3217 1835 3294 nulli
1871 3217 1980 3292 labori
2015 3216 2178 3317 pepercit.

648 3333 780 3408 Ordine
809 3335 960 3410 dilucido
984 3361 1023 3412 ac
1049 3337 1128 3411 stilo
1149 3337 1233 3411 satis
1256 3335 1367 3410 nitido
1390 3336 1726 3412 Commentationem
1753 3363 1853 3414 suam
1872 3337 2086 3436 conscripsit.
2125 3337 2179 3410 De

649 3477 727 3528 vera
758 3478 897 3553 quoque
928 3455 1154 3532 Humanismi
1185 3457 1302 3531 indole
1331 3457 1443 3532 multa
1465 3481 1575 3556 enque
1596 3455 1691 3531 haud
1714 3459 1969 3533 contemnanda
1992 3458 2081 3532 bene
2105 3458 2178 3533 aui·

650 3575 842 3650 madvertit.
893 3577 1099 3651 Admodum
1134 3601 1212 3650 vero
1248 3576 1360 3651 doluit
1390 3577 1571 3666 Facultas‚
1608 3577 1776 3651 nonnulla
1809 3577 1937 3655 menda
1968 3601 2009 3653 ec
2039 3577 2180 3651 bouum

648 3695 842 3785 obstitisse,
881 3698 1068 3797 quominus
1105 3721 1248 3772 aureum
1289 3696 1394 3771 huius
1432 3696 1631 3771 certaminis
1667 3698 1860 3796 praemium
1900 3697 1982 3771 huic
2016 3721 2179 3797 responso

647 3816 799 3890 tribuere
823 3825 950 3914 posset.
1003 3818 1199 3907 Nimirum,
1225 3821 1359 3893 Auctor
1378 3817 1614 3915 quaestionem
1636 3819 1748 3917 ipsam
1771 3818 1866 3892 haud
1886 3818 1969 3892 satis
1991 3816 2179 3892 attendisse

647 3937 803 4024 ridetur,
829 3962 918 4036 quae
946 3962 1166 4037 nequaquam
1185 3938 1314 4039 exigit,
1341 3947 1381 4012 ut
1398 3938 1441 4013 de
1457 3937 1578 4012 Vallae
1598 3938 1730 4012 meritis
1749 3963 1789 4013 ac
1806 3937 2033 4014 Humaniami
2045 3937 2179 4027 indole,

647 4057 745 4132 iuxta
765 4081 802 4130 ss
824 4057 966 4156 positis,
993 4059 1136 4133 seorsim
1159 4067 1303 4158 agatur,
1330 4059 1391 4133 sed
1417 4068 1457 4132 ut
1477 4057 1597 4133 Vellee
1618 4058 1688 4133 vita
1711 4083 1751 4134 ac
1775 4057 1898 4134 merita
1920 4059 1969 4133 its
1989 4066 2180 4133 tractentur

649 4187 753 4276 atque
768 4186 1002 4277 exponantur,
1027 4187 1065 4252 nt
1086 4178 1211 4253 exinde
1230 4203 1309 4252 vera
1328 4178 1554 4253 Humanismi
1571 4179 1723 4271 indoles,
1743 4179 1869 4254 melius
1889 4179 2046 4277 cognita,
2066 4179 2180 4252 medii

650 4297 756 4370 veluti
778 4297 814 4371 in
836 4298 913 4373 luce
937 4308 1096 4398 ponatur.
1147 4300 1285 4374 Deinde
1308 4299 1352 4372 de
1373 4297 1495 4373 Vallee
1518 4299 1648 4372 meritis
1672 4299 1847 4373 litterariis
1866 4324 1906 4372 ac
1929 4299 2180 4396 Philosophiois

649 4417 811 4514 iustoque
844 4417 1009 4515 temporis
1038 4419 1179 4507 ordine,
1211 4419 1248 4492 in
1283 4442 1388 4517 quem
1419 4419 1604 4519 praecipua
1636 4419 1712 4493 eius
1740 4421 1867 4518 scripta
1890 4421 1960 4494 sint
1983 4419 2180 4508 referenda,

651 4537 734 4611 sutis
768 4536 985 4611 abundanter
1019 4539 1110 4636 egit,
1146 4540 1207 4613 sed
1242 4540 1279 4613 in
1320 4538 1535 4638 exponendis
1570 4564 1611 4613 ec
1642 4539 1873 4615 diiudicandis
1904 4539 2024 4616 Vallae
2049 4539 2181 4614 meritis

652 4657 860 4756 Theolope'cia
877 4656 1067 4731 admodum
1086 4657 1221 4732 sobrius
1241 4684 1281 4733 ac
1303 4683 1427 4758 pmcne
1446 4658 1524 4734 luit.
1576 4661 1735 4761 Denique
1755 4660 1824 4734 vim
1843 4661 2048 4747 salutarem,
2073 4683 2178 4758 quem

650 4776 687 4850 in
711 4777 863 4852 criticam
889 4771 1064 4851 Historias
1085 4778 1352 4854 conscribendae
1372 4779 1598 4869 methodum,
1624 4805 1688 4856 nec
1709 4781 1825 4856 minus
1844 4781 1890 4855 ad
1907 4779 2178 4880 praeparandam

652 4897 833 4972 Sacrorum
865 4898 1150 4973 instaurationem
1180 4925 1262 4975 cum
1294 4899 1495 4976 Vallatum
1528 4901 1787 4977 Humanismus
1818 4901 1991 4988 exseruit,
2017 4897 2112 4973 haud
2134 4897 2179 4973 ab
