4984 6286
634 687 677 752 76
932 765 937 773 ¹
1138 685 1662 754 1uu1crt0un1uuu.

636 903 696 968 tur
727 901 762 968 et
798 895 848 967 vis
878 896 1126 967 dissertationes
1161 893 1252 969 inste
1285 896 1456 994 pleneque
1485 895 1687 995 exponitur,
1719 893 1757 966 iu
1783 890 1837 964 his
1860 913 1999 988 quoque
2022 889 2166 989 scriptor

640 1013 766 1088 Ordini
805 1012 1011 1087 industriam
1046 1014 1163 1112 potius
1194 1016 1379 1114 colligendi
1406 1016 1517 1090 eliens
1541 1039 1646 1113 quam
1669 1039 1764 1113 suam
1795 1009 1952 1110 probavit
1976 1010 2167 1109 indagandi

638 1135 811 1233 peritiam.

689 1235 772 1354 ipsa*
801 1255 887 1328 adeo
919 1255 978 1328 illu
1014 1256 1107 1329 haud
1144 1256 1382 1354 improbabilis
1419 1257 1636 1343 coniectura,
1671 1279 1760 1353 quae
1795 1261 1963 1327 mutatam
2003 1275 2166 1351 vaporum

640 1373 851 1448 densitatem
875 1399 917 1448 ex
940 1375 1211 1450 commutatione
1230 1375 1327 1450 ducit
1347 1379 1472 1451 valoris
1487 1378 1755 1461 elementorum,
1782 1372 1876 1448 nullo
1892 1374 1994 1472 plane
2009 1364 2167 1470 exemplo

638 1496 873 1572 confirmatur.
1901 1481 1906 1496 ’

690 1618 812 1695 Quum
844 1617 952 1716 igitur
987 1615 1131 1714 scriptor
1160 1616 1285 1689 Ordini
1309 1616 1452 1690 minime
1478 1617 1698 1703 satisfecerit,
1723 1614 1816 1688 illius
1841 1613 1978 1711 publice
2001 1612 2167 1686 laudcndi

640 1761 747 1811 causa
771 1738 881 1835 reperi
905 1737 1002 1810 nulla
1027 1737 1151 1834 potuit.

690 1857 893 1930 Posterioris
929 1855 1238 1930 Commentationis
1273 1854 1427 1954 scriptori
1462 1881 1516 1930 res
1550 1857 1674 1930 melius
1707 1856 1820 1930 cessit.
1850 1853 2000 1936 ,Attulit
2024 1850 2166 1951 quidem

641 1976 699 2050 ille
721 1977 815 2051 haud
844 2001 973 2075 pauca,
1001 1975 1145 2074 quibus,
1171 1977 1300 2074 quippe
1325 1976 1369 2049 ad
1398 1976 1634 2074 quaestionem
1659 1976 1752 2049 haud
1769 1973 2043 2074 pertinentibus,
2070 1972 2167 2046 facile

643 2121 777 2186 careus,
812 2107 848 2170 et
882 2096 1032 2170 multum
1063 2095 1186 2169 tribuit
1221 2095 1470 2194 hypothesibus
1495 2096 1599 2170 huius
1625 2095 1741 2183 modi,
1776 2121 1882 2194 quae,
1909 2118 2018 2192 quum
2043 2091 2166 2167 lunda·

640 2228 759 2291 mento
790 2241 914 2315 parum
941 2217 1041 2289 firmo
1071 2194 1248 2304 nitantur,
1283 2216 1489 2314 prudentius
1518 2229 1553 2291 et
1577 2216 1767 2290 modestius
1793 2215 1937 2313 proferri
1964 2213 2166 2288 debuerant.

641 2334 721 2407 Vim
757 2345 872 2408 tamen
906 2333 1037 2432 ingenii
1060 2334 1218 2407 iuvenilis
1245 2336 1486 2432 procreaticem
1513 2336 1706 2426 declarant,
1732 2336 1776 2409 de
1805 2361 1894 2434 quo,
1920 2335 1949 2407 si
1972 2335 2166 2408 studiorum

642 2455 893 2553 perseverantia
929 2455 1157 2528 temeritatem
1190 2456 1377 2529 coercuerit
1407 2457 1654 2555 sustuleritque
1682 2456 1854 2555 quidquid
1887 2455 2051 2530 lutulenti
2077 2454 2166 2551 stylo

641 2575 825 2648 adhaerere
851 2575 962 2647 visum
987 2585 1058 2660 est,
1084 2575 1171 2648 bene
1195 2599 1264 2649 non
1291 2576 1401 2649 solum
1429 2602 1563 2676 sperare
1589 2578 1650 2650 sed
1675 2577 1780 2650 etiam
1805 2577 1977 2650 confidere
2002 2576 2091 2651 licet.

690 2695 783 2768 Num
815 2703 888 2768 tota
918 2695 1002 2768 haec
1031 2695 1287 2770 commentatio
1317 2696 1441 2794 probat
1464 2697 1583 2769 iudicii
1603 2721 1747 2770 acumen
1774 2705 1809 2769 et
1832 2704 2026 2769 accuratum
2049 2695 2165 2769 multi-

641 2814 835 2912 plicemque
866 2814 1067 2889 doctrinam.
1120 2815 1279 2890 Secunda
1307 2817 1518 2914 quaestionis
1543 2841 1642 2914 pars,
1671 2826 1709 2889 ut
1733 2815 1872 2914 penitus
1897 2823 2094 2912 perspecta,
2118 2815 2166 2887 itu
2210 2807 2212 2812 ’

642 2941 734 3009 recte
760 2944 795 3007 et
820 2933 926 3008 libere
950 2934 994 3008 ab
1020 2936 1164 3009 aliorum
1190 2938 1393 3011 auctoritate
1418 2937 1573 3035 exposite
1597 2947 1660 3013 est.

693 3055 862 3130 Omnium
882 3065 1000 3129 autem
1025 3057 1175 3130 maxime
1200 3082 1259 3144 eu,
1285 3082 1374 3155 quae
1397 3058 1441 3130 da
1463 3057 1574 3155 prima
1596 3055 1805 3154 quaestionis
1824 3063 1920 3152 parte
1933 3053 2164 3151 disputantur,

643 3176 767 3250 Ordini
793 3176 1007 3275 plqcuerunt.
1057 3177 1190 3251 Paucas
1210 3178 1239 3250 si
1262 3178 1389 3273 excipis
1415 3175 1574 3264 lacunas,
1600 3176 1741 3250 historia
1766 3199 1889 3273 operae
1911 3173 1947 3248 in
1971 3173 2166 3248 definienda

642 3318 806 3392 vaporum
835 3295 1005 3370 densitate
1029 3294 1160 3393 positae
1180 3297 1280 3394 plene
1309 3296 1436 3371 tradita
1461 3308 1533 3384 est,
1559 3307 1595 3370 ct
1621 3297 1732 3370 variae
1756 3295 1911 3369 methodi
1937 3302 2027 3369 recte
2051 3293 2165 3369 distri·

643 3416 751 3490 butae
777 3425 860 3489 sunt
885 3416 1042 3513 beneque
1068 3415 1285 3490 diiudicatae.

690 3537 815 3634 Neque
838 3536 874 3610 in
901 3536 955 3609 his
978 3534 1135 3609 substitit
1159 3537 1319 3634 scriptor,
1345 3536 1406 3609 sed
1429 3546 1603 3634 praeterea
1626 3560 1747 3610 novam
1776 3536 1954 3634 proposuit
1977 3533 2165 3632 indagandi

642 3657 731 3730 vium
760 3657 805 3730 ad
831 3681 996 3754 vaporum
1021 3656 1226 3730 densitatem
1250 3657 1504 3747 definiendam,
1540 3657 1654 3754 quod,
1686 3657 1764 3731 licet
1788 3657 1863 3730 fieri
1886 3656 1994 3754 possit
2019 3664 2060 3728 ut
2083 3654 2165 3728 haec

643 3777 696 3850 via
731 3801 797 3850 usu
829 3776 945 3850 minus
970 3777 1251 3865 commendetur,
1284 3778 1415 3852 indicat
1439 3786 1554 3852 tamen
1584 3776 1783 3876 scriptorem
1810 3777 1980 3852 variorum
2004 3775 2166 3873 Physices

640 3896 919 3970 adiumentorum
954 3897 1003 3970 ita
1035 3897 1185 3995 peritum
1216 3922 1311 3985 esse,
1348 3907 1386 3971 ut
1417 3923 1458 3972 ea
1494 3900 1631 3997 egregie
1664 3899 1699 3972 in
1734 3924 1806 3972 rem
1839 3923 1935 3971 suam
1971 3905 2166 3971 convertere

641 4019 761 4117 possit.
827 4019 991 4092 (laterum
1024 4017 1060 4090 in
1097 4017 1160 4092 hac
1193 4019 1350 4117 opusculi
1383 4029 1480 4116 parte
1515 4019 1640 4093 Ordini
1666 4019 1855 4094 admodum
1892 4016 2065 4092 hudanda
2095 4015 2165 4090 visa

641 4152 694 4212 est
722 4139 847 4214 crisces
880 4137 1059 4234 diligentia
1095 4148 1129 4211 et
1161 4139 1355 4225 subtilitas,
1390 4163 1459 4236 qua
1495 4140 1768 4239 uniuscuiusque
1805 4138 1958 4213 methodi
1986 4137 2166 4210 commoda

643 4268 678 4332 et
705 4258 922 4334 incommoda
953 4257 1163 4355 indagantur
1190 4267 1226 4331 et
1253 4260 1468 4358 singularum
1495 4259 1546 4331 vis
1572 4268 1676 4357 atque
1699 4268 1914 4333 momentum
1941 4255 2164 4330 definiuntur.

693 4378 761 4450 His
791 4378 835 4450 de
867 4378 979 4451 causis
1013 4377 1108 4451 Ordo
1141 4378 1229 4451 hunc
1260 4378 1596 4452 commentationem
1625 4380 1776 4476 praemio
1797 4403 1901 4452 aureo
1923 4378 2064 4478 diguam
2092 4403 2166 4454 esse

643 4498 786 4572 censuit.
840 4501 970 4594 Aperta
995 4497 1135 4572 scedula
1165 4523 1290 4572 nomen
1318 4499 1446 4596 prodiit
1473 4499 1695 4574 Ornatissimi

1130 4615 1249 4675 num
1265 4616 1523 4675 KAMEBLINGH
1540 4617 1677 4686 ONNES,

1163 4713 1190 4762 ia
1206 4713 1337 4764 Academia
1357 4714 1510 4780 Granicum
1528 4714 1652 4776 Studicn',

644 4799 704 4896 qui
727 4798 887 4903 instituta
912 4797 1152 4896 disquisitione
1177 4826 1214 4873 se
1240 4802 1438 4900 scriptorem
1465 4827 1539 4876 esse
1567 4803 1736 4901 probavit.
1858 4845 1862 4854 ·
