4984 6286
654 758 697 826 82
1136 749 1329 816 SERIES
1364 745 1692 814 LEGTIONUM.

754 963 851 1041 Artis
873 957 1078 1036 observandi
1103 957 1274 1033 exercitiis
1299 956 1454 1057 qnotidie
1479 953 1635 1055 praebrit.

616 1167 618 1170 ,
751 1079 1028 1167 Astronomiam,
1054 1103 1161 1176 quam
1180 1079 1379 1179 popularem
1405 1083 1547 1166 vocant,
1572 1076 1684 1152 tradet
1700 1074 1823 1158 diebus
1839 1081 1875 1150 et
1890 1075 1981 1152 horis

800 1199 1017 1278 auditoribus
1040 1197 1242 1273 commodis.

655 1337 689 1399 P.
707 1335 743 1397 1.
763 1333 878 1395 RIJKE
919 1319 1103 1418 Physicam
1143 1316 1445 1419 experimentelem
1488 1315 1644 1406 docebit,
1683 1315 1806 1391 diebus
1843 1316 1980 1406 Lunae,

701 1443 847 1533 Martis,
871 1440 1037 1515 Mercurii
1060 1448 1095 1512 et
1119 1439 1229 1527 Iovis,
1276 1493 1974 1514 ....................
2005 1435 2090 1513 hora
2104 1437 2177 1514 ΧΗ.

750 1563 806 1642 De
826 1561 991 1661 Physices
1011 1558 1183 1658 capitibus
1205 1557 1339 1632 selectis
1361 1557 1464 1632 latins
1484 1563 1520 1630 et
1537 1554 1649 1631 fusius
1666 1555 1830 1644 disseret,
1855 1555 1980 1632 diebus

801 1682 922 1757 Lunae
946 1688 982 1754 et
1009 1671 1195 1766 Mercurii,
1237 1732 1977 1754 .....................
2134 1681 2177 1756 X.

752 1801 934 1900 Physioam
959 1796 1243 1874 Mathematiccm
1273 1796 1405 1884 tradet,
1433 1794 1557 1870 diebus
1576 1795 1705 1877 ¹Martis
1729 1803 1765 1870 et
1794 1796 1909 1887 Iovis,
1934 1854 1944 1873 .
1972 1856 1980 1873 .
2135 1799 2177 1874 11.

751 1920 1036 2019 Meteorologiam
1062 1923 1231 2016 exponet,
1256 1916 1312 1989 die
1338 1916 1453 2004 Iovis,
1502 1971 1911 1993 ............
1917 1975 1946 1995 ,.
1973 1975 1982 1993 .
2134 1918 2177 1994 X.

642 2057 643 2060 ’
752 2040 934 2115 Exercitiis
958 2037 1107 2138 physicis
1133 2036 1291 2136 practicis
1317 2034 1483 2136 praeerit,
1509 2035 1674 2134 qnotidie.

658 2171 1006 2235 W.F.RSUR1NGAR
1019 2153 1316 2256 Morphologiam,
1333 2153 1542 2229 anatomiam
1559 2159 1595 2226 et-
1613 2153 1863 2255 physiologiam
1883 2157 1980 2255 plan·

702 2286 817 2355 mrum
845 2285 1013 2378 exponet,
1039 2276 1163 2351 diebus
1188 2272 1333 2362 Martis,
1360 2273 1525 2348 Mercurii
1549 2280 1585 2348 et
1609 2271 1702 2347 Iovis
1710 2331 1976 2363 ........
2114 2311 2117 2320 ·
2149 2278 2175 2354 L

575 2403 578 2409 ’
752 2397 1047 2498 Phytogrnphiam
1068 2405 1103 2471 et
1123 2394 1356 2470 taxonomiam
1376 2393 1535 2483 docebit,
1559 2393 1771 2491 selectasque
1783 2393 1979 2492 plantarum

799 2518 947 2593 familias
971 2515 1174 2615 explicabit,
1200 2513 1325 2588 diebus
1348 2515 1469 2588 Lunae
1493 2520 1530 2588 et
1553 2511 1718 2601 Veneris,
1750 2565 1980 2589 .......
2060 2517 2121 2590 let
2133 2515 2176 2589 11.

754 2638 844 2713 Cum
871 2635 1035 2710 studiosis
1056 2631 1327 2731 provectioribus
1347 2631 1397 2705 rei
1412 2630 1587 2706 herbariae
1602 2631 1715 2731 capita
1729 2632 1854 2708 selecta
1867 2632 1980 2708 fusius
2194 2653 2198 2662 '

799 2763 944 2831 tractare
968 2759 1108 2853 paratus
1132 2757 1205 2840 est,
1230 2750 1314 2825 hora
1337 2749 1529 2826 commoda.

748 2873 1020 2951 Exercitationes
1045 2873 1081 2946 in
1110 2878 1284 2947 structura
1309 2871 1506 2971 plantarum
1533 2896 1599 2971 ope
1627 2872 1841 2972 microscopii
1865 2875 1981 2974 explo-

796 2994 905 3070 randa
930 2993 1182 3080 moderabitur,
1208 2990 1265 3065 die
1289 2991 1415 3065 Marti·
1424 3043 1985 3081 ................
2040 2992 2173 3070 ss-lV.

748 3111 989 3213 Phytotomine
1002 3105 1103 3186 usum
1115 3111 1160 3186 ad
1171 3110 1427 3211 cognoscendas
1444 3118 1559 3210 partes
1581 3111 1981 3211 plantarum'officinales

797 3231 955 3320 docebit,
980 3232 1036 3305 die
1061 3232 1173 3322 Iovis,
1206 3281 1977 3308 ......................
2038 3231 2172 3305 11-1v.

698 3353 702 3360 '
750 3351 1021 3426 Excursionibus
1047 3349 1233 3450 ,botanicis
1268 3349 1416 3449 praeerit
1449 3357 1604 3450 tempore
1636 3351 1785 3441 aestiuo,
1824 3350 1881 3426 die
1916 3351 1978 3426 Sa·

658 3475 661 3484 '
798 3470 903 3547 turni.

651 3605 689 3668 D.
709 3603 878 3667 BluBnNs
899 3601 950 3661 DE
972 3601 1087 3660 HttN
1116 3589 1426 3688 Trigouometriem
1451 3591 1589 3691 planam
1617 3591 1751 3690 aliaque
1775 3602 1979 3693 argumenta

701 3737 745 3788 ex
770 3708 957 3810 geometria
982 3707 1084 3807 plana
1106 3708 1287 3800 tractabit,
1313 3709 1369 3785 die
1392 3709 1484 3785 Iovis
1494 3761 1975 3800 ..............
2122 3716 2172 3804 x,

846 3828 902 3901 die
927 3826 1091 3916 Veneris,
1128 3885 1975 3909 ........................
2024 3833 2171 3910 meta

751 3946 923 4048 Algebrae
955 3946 1139 4044 superioris
1170 3949 1282 4050 capita
1303 3950 1473 4049 quaedam
1494 3958 1529 4025 et
1549 3950 1704 4050 analysin
1726 3951 1974 4053 algebraiccm,

796 4068 852 4142 die
874 4065 1059 4155 Mercurii,
1096 4123 1975 4150 .........................
2124 4074 2171 4162 11,

846 4186 970 4262 diebus
996 4185 1088 4260 Iovis
1113 4195 1148 4261 et
1172 4187 1333 4279 Saturni,
1383 4248 1973 4269 .................
2062 4231 2066 4238 ·
2112 4193 2169 4267 IX.

748 4306 928 4382 Gelonium
954 4304 1234 4397 differentialem,
1259 4307 1316 4381 die
1340 4308 1487 4399 Martis,
1526 4363 1717 4385 ......
1745 4339 1755 4384 r
1781 4367 1790 4386 .
1818 4367 1827 4386 .
1853 4367 1862 4386 .
1890 4339 1901 4386 :
1927 4340 1975 4387 :r
2118 4311 2168 4402 11,

844 4433 880 4499 et
904 4424 960 4499 die
984 4425 1097 4514 Iovis,
1130 4477 1975 4510 ........................
2141 4432 2168 4508 Ι.

750 4542 884 4618 Calculi
906 4531 1085 4643 integralis
1107 4551 1241 4642 partem
1265 4545 1433 4644 primam,
1458 4545 1516 4632 die
1538 4547 1664 4624 Martis
1673 4605 1973 4639 .........
2133 4553 2169 4640 1,

845 4662 901 4737 die
926 4662 1089 4751 Veneris,
1272 4716 1540 4746 ........
1542 4748 1546 4756 ,
1565 4720 1970 4747 ............
2099 4671 2169 4775 ss,

845 4794 881 4858 et
905 4782 961 4856 die
987 4782 1127 4858 Satnmi
1136 4836 1391 4873 ........
1403 4777 1426 4859 ’.
1453 4839 1463 4861 .
1489 4842 1498 4860 .
1525 4840 1572 4886 ..
1601 4841 1972 4866 ...........
2124 4791 2168 4866 X.

751 4902 884 4979 Calculi
907 4902 1084 5002 integralis
1108 4903 1222 5003 capita
1245 4905 1386 4996 selecta,
1411 4905 1536 4990 diebus
1557 4909 1650 4986 Iovis
1672 4918 1708 4985 et
1729 4909 1889 5001 Saturni,
1925 4962 1935 4983 .
1960 4964 1970 4984 .
2109 4910 2168 4987 XI.
