4984 6286
806 761 1001 828 SERIES
1036 753 1363 826 noeriorum.
1804 739 1846 808 a1

413 968 625 1068 ,Theologiaa
643 967 817 1043 Practicee
840 938 973 1068 phrtem
995 965 1248 1052 homileticum,
1267 959 1462 1060 liturgicum
1484 963 1520 1032 et
1538 960 1651 1056 pasto·

465 1089 572 1164 retem
597 1087 778 1177 tractabit,
803 1089 929 1164 diebus
954 1088 1080 1163 Martia
1105 1095 1140 1161 et
1164 1080 1349 1170 Mercurii,
1394 1128 1653 1153 ........
1701 1071 1786 1148 here
1804 1070 1846 1143 X.

416 1207 688 1316 Exercitationes
696 1208 922 1285 catechetioas
932 1217 967 1284 et
976 1206 1190 1284 homileticas
1201 1199 1448 1288 moderabitur,
1457 1197 1651 1287 dieLunee,
1691 1194 1738 1266 lll
1753 1200 1789 1268 et
1802 1191 1844 1264 ll.

416 1328 472 1402 De
501 1327 606 1402 rebus
636 1329 834 1427 argumenti
864 1328 1084 1429 potissimum
1112 1322 1254 1424 practici
1278 1345 1359 1396 oum
1382 1316 1653 1418 provectioribus

465 1457 565 1548 aget,
592 1448 676 1522 hora
701 1450 893 1547 vespertina
918 1456 1037 1548 postea
1061 1444 1256 1521 indicanda.

320 1576 354 1638 1.
376 1576 414 1639 e.
433 1577 469 1638 n.
488 1576 771 1639 aauwnuuorn
791 1569 964 1644 Emissae
985 1565 1203 1643 christianae
1225 1561 1402 1638 historiam
1422 1557 1553 1648 audet,
1578 1556 1650 1632 die-

368 1685 437 1762 bua
462 1687 604 1774 Lunae,
629 1687 754 1763 Mortis
778 1696 814 1763 et
838 1687 1024 1778 Mercurii,
1057 1730 1650 1762 ·················
1772 1677 1845 1750 ΧΠ.

416 1806 726 1906 Encyclopaediam
743 1815 779 1884 et
799 1807 1092 1908 methodologinm
1112 1803 1306 1902 theologiae
1326 1800 1505 1888 mactabit,
1525 1797 1649 1874 diebus

463 1925 589 2000 Martis
625 1936 660 2001 et
690 1928 876 2016 Mercurii,
913 1968 1653 2000 .....................
1804 1917 1845 1990 ll.

417 2044 472 2119 De
491 2046 596 2121 rebus
615 2045 814 2145 theologicis
836 2073 917 2123 cum
943 2044 1214 2146 provectioribus
1234 2051 1335 2142 aget,
1355 2039 1438 2114 hora
1460 2037 1653 2138 vespertina

466 2173 586 2264 postea
609 2165 804 2242 indicanda.

417 2283 643 2361 Orationibus
679 2285 791 2361 Sacris
830 2291 1015 2385 praeerunt
1044 2295 1070 2356 Ι.
1091 2293 1131 2354 Η.
1152 2292 1379 2364 SGHOLTEN,
1408 2294 1445 2352 Α.
1465 2287 1650 2369 ΚΠΕΝΕΝ,

464 2411 489 2471 1.
509 2412 672 2472 arunas
696 2405 732 2487 at
755 2408 790 2469 n.
813 2406 1228 2477 commonstrans,
1256 2395 1381 2470 dicbus
1407 2402 1443 2466 ot
1466 2391 1559 2468 horis
1583 2391 1650 2469 sibi

465 2524 501 2590 et
521 2516 726 2593 Omdidatis
746 2519 953 2619 Theologioe
975 2516 1165 2594 commodis
1176 2549 1186 2605 3
1213 2555 1259 2566 -
1280 2507 1419 2615 publice
1448 2515 1652 2615 disputandi

466 2637 785 2726 exercitationibus,
811 2641 867 2715 die
891 2641 1057 2729 Veneris,
1094 2685 1650 2715 ................
1803 2637 1845 2710 ll·

502 2830 750 2906 FACUL'PAS
775 2833 1166 2910 DISCIPLINARUM
1188 2829 1666 2908 MA'PHEMA'I'IGARUM
1699 2923 1702 2930 Ι
1799 2887 1804 2904 .

876 2956 938 3029 ΕΤ
962 2947 1296 3030 PHYSIOARUM.

321 3123 358 3182 A.
379 3118 420 3180 Η.
440 3118 525 3182 vari
544 3120 625 3182 Dan
645 3120 757 3184 BOON
778 3123 910 3186 Maron
931 3115 1114 3214 Ghymiom
1137 3139 1318 3216 corporum
1340 3113 1579 3213 organicorum
1594 3138 1652 3190 ex·

371 3234 498 3328 ponet,
531 3228 656 3303 diebus
681 3230 821 3319 Lunae,
855 3235 1000 3324 Martis,
1036 3237 1201 3310 Mercurii
1224 3243 1260 3309 et
1285 3235 1377 3310 Iovis
1386 3289 1653 3324 ........
1727 3257 1730 3268 ·
1788 3236 1846 3311 IX.

419 3347 624 3446 (thymiam,
649 3374 739 3448 quae
762 3355 969 3450 anorgonica
993 3361 1154 3443 vocatur,
1181 3351 1340 3442 docebit,
1363 3352 1488 3428 iisdem
1512 3352 1655 3442 diebus,
1786 3354 1844 3430 xl.

419 3469 541 3545 Artem
570 3471 884 3569 pharmaceuticam
908 3474 1130 3550 theoreticam
1155 3481 1190 3547 et
1216 3473 1520 3572 experimentolem
1546 3497 1651 3573 expo·

468 3597 548 3678 net,
573 3591 698 3668 diebus
719 3593 840 3669 Lunae
864 3601 899 3666 et
922 3594 1088 3670 Mercurii
1098 3643 1650 3684 ................
1773 3595 1845 3673 ΧΠ.

421 3706 668 3792 Oeconomiam
691 3713 839 3788 ruralem
866 3713 1001 3803 tradet,
1028 3714 1153 3790 diebus
1176 3713 1302 3790 Martis
1327 3721 1363 3788 et
1386 3714 1498 3802 Iovis,
1532 3773 1541 3789 .
1569 3773 1577 3788 .
1605 3773 1615 3789 .
1642 3771 1652 3789 .
1773 3717 1845 3795 ΧΠ.

422 3827 604 3927 (thymiam
630 3831 853 3908 theoreticam
879 3840 1048 3931 exponet,
1073 3831 1197 3906 diebus
1222 3832 1315 3907 lovis
1339 3840 1375 3906 et
1399 3830 1562 3922 Veneris,
1606 3892 1614 3909 .
1642 3892 1650 3909 .
1818 3837 1846 3912 l.

422 3949 666 4049 Experimento
698 3951 907 4028 instituendi
941 3962 1049 4028 artem
1089 3952 1227 4027 docebit
1252 3961 1287 4028 et
1312 3953 1483 4030 Exercitio
1504 3952 1654 4051 practica

471 4069 507 4143 in
532 4071 757 4149 Laborotorio
781 4073 1018 4149 moderabitur
1041 4071 1207 4172 quotidie.

415 4189 515 4266 -Oum
550 4192 722 4268 Studiosis
752 4193 1021 4293 provectioribus
1053 4192 1096 4270 de
1126 4191 1348 4293 Physiolegia
1370 4193 1526 4292 chymica
1550 4192 1651 4285 collo·

471 4319 616 4410 quatur,
648 4312 704 4387 die
728 4311 891 4402 Veneria,
923 4314 1007 4389 hora
1030 4314 1243 4413 vespertina,
1274 4370 1651 4390 ...........
1694 4311 1846 4392 V-Vll.

325 4440 361 4503 F.
381 4441 523 4505 Khlsulr
542 4433 800 4508 Astronomiam
817 4432 1038 4509 theoreticam
1055 4435 1187 4523 tradet,
1209 4434 1333 4509 diebus
1344 4431 1484 4522 Lunae,
1509 4432 1651 4522 Mortis,

373 4550 539 4625 Mercurii
561 4558 597 4626 et
621 4551 727 4640 lovis,
767 4603 1650 4632 .........................
1789 4556 1847 4629 IX.

374 4763 382 4778 ⁴
422 4669 680 4746 Astronomiam
705 4672 912 4770 practicam,
937 4674 1060 4748 iisdem
1086 4671 1210 4749 diebus
1218 4725 1656 4764 .............
1804 4675 1847 4748 X.

422 4788 605 4866 'theoriam
628 4797 745 4866 motus
767 4816 949 4895 corporum
975 4792 1173 4868 coelestium
1196 4792 1330 4882 tradet,
1355 4792 1479 4868 diebus
1501 4800 1537 4867 et
1560 4792 1652 4867 horis

470 4909 688 4988 auditoribus
712 4912 913 4988 commodis.
