4984 6286
860 709 1263 794 ΝΗΒΑΤΙΟ.Ι
1599 715 1601 720 ’
1765 717 1808 794 dd

281 919 422 1008 didicit,
466 918 558 994 huuc
595 917 735 992 intuens
772 917 941 992 intellexit
978 925 1107 1016 quauta
1145 920 1306 1019 perficere
1340 921 1466 1022 possit,
1509 923 1571 1023 qui
1609 943 1804 1020 numquam

280 1040 412 1126 otiosus
438 1063 512 1114 esse
536 1038 628 1113 velit.
677 1039 758 1112 Non
787 1038 879 1114 onim
905 1047 1087 1114 contentus
1119 1065 1160 1114 oa
1184 1041 1295 1118 filum
1329 1042 1450 1118 docere
1475 1067 1565 1141 quae
1592 1042 1638 1120 ad
1670 1042 1803 1142 ingenii

282 1161 420 1238 laudem
448 1167 483 1232 et
507 1165 735 1256 augmentum
760 1157 934 1235 doctrinae
958 1158 1110 1232 conferre
1132 1169 1289 1258 possent,
1324 1162 1450 1236 mentis
1481 1163 1590 1242 aciem
1623 1163 1729 1238 etiam
1758 1163 1805 1240 ad

282 1291 426 1359 naturae
468 1277 768 1378 investigationem
811 1278 943 1376 primus
982 1277 1122 1366 direxit,
1162 1278 1249 1352 illud
1294 1281 1455 1356 excitavit
1490 1305 1607 1360 rerum
1647 1283 1804 1360 studium

283 1404 451 1500 illumque
485 1399 660 1477 botauiaes
687 1422 865 1487 amorem,
904 1423 973 1498 quc
1014 1398 1140 1473 deinde
1170 1398 1240 1474 iam
1273 1400 1407 1476 iuvenis
1444 1401 1617 1478 inclaruit.
1668 1403 1805 1480 Interea

283 1531 392 1598 mater
413 1520 546 1620 ingenii
570 1518 730 1606 dotibus,
755 1519 865 1594 animi
890 1519 1053 1607 candore,
1081 1542 1215 1593 morum
1240 1519 1458 1619 simplicitate
1479 1521 1626 1620 insignis
1646 1529 1805 1598 tenerum

283 1642 346 1744 filii
378 1641 535 1715 animum
562 1640 607 1714 ad
635 1639 798 1714 virtutem
819 1649 855 1714 et
877 1640 1043 1739 pietatem
1066 1639 1296 1730 informabat,
1328 1667 1403 1717 eam
1432 1643 1525 1718 filius
1549 1641 1719 1718 viventem
1749 1642 1806 1741 pie

285 1786 422 1861 semper
444 1769 624 1836 veneratus
654 1767 725 1848 est,
749 1759 908 1858 religiose
931 1759 1036 1834 coluit
1063 1767 1218 1834 mortuae
1241 1757 1454 1838 memoriam.

332 1881 390 1956 Sic
418 1880 601 1979 Miquellio
623 1887 764 1979 paterna
788 1879 913 1954 domus
940 1879 1161 1973 seminarium
1189 1879 1356 1976 virtutum
1379 1881 1532 1971 exstitit,
1556 1891 1592 1956 et
1612 1883 1696 1958 anni
1719 1905 1807 1980 quos

284 2001 400 2101 exegit
424 2000 460 2074 in
494 2000 580 2075 urbe
608 2000 732 2088 natali,
762 2023 851 2100 quae
885 2001 920 2073 in
953 1999 1120 2074 comitatu
1153 1999 1414 2076 Benthemiensi
1443 2001 1554 2077 sitae
1582 2025 1670 2080 nova
1702 2003 1806 2080 domo
1940 2082 1944 2088 ,
2048 2031 2051 2037 ·

284 2121 494 2209 nominatur,
519 2119 634 2194 felices
658 2128 692 2194 et
717 2117 886 2193 fructuosi
912 2119 1001 2194 vitae
1037 2127 1072 2193 et
1100 2119 1224 2194 studiis
1250 2120 1401 2196 fuerunt.
1452 2120 1695 2198 Fundamenta
1729 2129 1806 2199 tum

284 2241 525 2340 aparentibus
547 2239 677 2337 posita,
698 2237 828 2336 quibua
850 2239 959 2318 solida
978 2240 1134 2316 doctrina
1151 2246 1186 2314 at
1208 2239 1277 2315 vita
1296 2240 1479 2316 laudabilis
1500 2242 1632 2342 imponi
1652 2249 1804 2342 poeaeut

334 2361 391 2436 Ab
420 2359 484 2432 hac
509 2359 697 2434 domestica
720 2358 938 2433 institutione
960 2359 1096 2434 transiit
1111 2359 1355 2460 septemdecim
1377 2385 1487 2436 annos
1510 2372 1614 2438 uatus
1644 2361 1680 2436 in
1704 2385 1804 2460 gym-

285 2480 422 2556 nasium
455 2479 633 2578 publicum
671 2469 765 2578 quod
802 2487 877 2554 tum
912 2481 1044 2580 Linges
1078 2481 1233 2556 florebat.
1283 2482 1358 2554 Nec
1394 2489 1511 2558 tamen
1547 2482 1638 2556 ultra
1673 2505 1806 2556 aunum
1882 2479 1885 2484 ’
1919 2505 1926 2518 ·

257 2600 335 2674 'ibi
368 2607 523 2674 moratus
545 2608 617 2687 est,
643 2624 723 2674 narn
757 2625 816 2676 eos
837 2601 916 2682 ,iam
945 2601 1071 2676 fecerat
1100 2624 1320 2701 progressus,
1359 2599 1545 2676 utstatim
1575 2599 1621 2674 ad
1655 2599 1807 2698 superio·

286 2743 359 2796 rem
382 2719 527 2796 classem
552 2719 798 2819 discipulorum
821 2721 1072 2796 admitteretur.
1122 2722 1226 2796 Anno
1249 2720 1352 2795 huius
1378 2720 1505 2796 saeculi
1529 2719 1694 2818 vigesimo
1714 2743 1806 2798 nouo
1870 2719 1879 2738 '

287 2840 333 2915 ad
359 2839 571 2916 academiam
595 2840 767 2916 demissus
793 2847 1052 2938 praeceptorum
1074 2841 1230 2914 omnium
1253 2839 1386 2914 animos
1412 2839 1478 2914 sibi
1508 2838 1625 2916 studio
1658 2847 1694 2914 et
1723 2838 1807 2916 assi·

287 2959 422 3034 duitate
458 2959 672 3049 devinxerat,
710 2983 900 3058 omnesque
931 2959 1049 3034 testati
1082 2967 1164 3034 sunt
1188 2958 1296 3032 enimi
1330 2959 1561 3047 nobilitatem,
1599 2957 1807 3057 praeclaram

286 3077 437 3152 indolem
462 3085 497 3152 et
520 3079 666 3153 eximios
692 3104 893 3179 progressus
917 3079 1096 3177 discipuli,
1122 3079 1166 3153 de
1188 3103 1258 3176 quo
1282 3079 1412 3176 optima
1445 3101 1603 3176 quaeque
1626 3077 1698 3154 iam
1729 3084 1806 3156 tum

289 3197 561 3298 augurabantur.

336 3317 546 3392 Litterarum
572 3316 793 3414 antiquarum
818 3315 933 3390 studio
958 3340 994 3390 se
1026 3316 1138 3390 dicare
1162 3316 1314 3414 primum
1344 3316 1559 3406 decreverat,
1584 3339 1665 3391 mox
1691 3321 1807 3392 tamen

289 3437 335 3514 ad
368 3437 666 3535 investigationem
704 3443 847 3512 naturae
888 3443 923 3509 ot
962 3436 1130 3510 medicam
1171 3445 1277 3511 artem
1311 3461 1348 3511 se
1367 3435 1559 3532 convertit.
1611 3434 1808 3535 Utrumque

289 3557 466 3645 studium,
493 3556 587 3655 quod
621 3555 657 3632 in
683 3563 779 3654 patre
810 3554 1035 3630 coniunctum
1062 3555 1209 3644 vidmat,
1246 3579 1454 3654 generosum
1485 3555 1644 3630 iuvenem
1678 3553 1805 3630 eleut.

289 3677 382 3752 Puer
401 3677 471 3752 iam
494 3676 655 3752 animalia
677 3674 861 3774 collegerat
881 3683 917 3748 et
939 3675 1075 3777 plantas
1099 3675 1220 3750 sedulo
1241 3675 1449 3773 quaesierat,
1469 3682 1509 3759 ut
1520 3674 1676 3750 curiosus
1688 3693 1809 3752 aarum

290 3807 451 3872 naturam
475 3805 510 3870 et
537 3795 665 3870 lormas
691 3795 922 3894 investigaret.
973 3796 1016 3869 In
1040 3794 1219 3894 gymnasio
1246 3804 1498 3899 praeceptorem
1523 3795 1719 3885 invenerat,
1744 3795 1807 3894 qui

291 3915 445 3993 doctriua
470 3923 506 3990 et
533 3915 691 4015 exemplo
715 3915 813 3992 auxit
837 3914 1003 3989 ardorem.
1056 3915 1113 3990 Sic
1139 3915 1218 3990 vicit
1250 3923 1393 3992 naturae
1418 3915 1576 3992 studium
1612 3923 1648 3990 et
1670 3914 1708 3990 in
1731 3939 1808 3990 aaa·

291 4036 405 4112 demia
430 4036 655 4136 Groningane
678 4044 774 4110 totus
799 4061 836 4114 se
860 4035 911 4110 illi
939 4035 1074 4110 dicavit.
1817 4056 1819 4061 ·

341 4155 448 4236 Quod
482 4157 556 4233 fieri
594 4156 743 4234 subinde
770 4156 944 4246 videmus,
980 4155 1187 4243 Auditores,
1225 4153 1350 4253 utqui
1381 4154 1427 4228 ad
1465 4151 1581 4228 studia
1615 4151 1810 4230 academiae

289 4275 472 4363 accedant,
509 4274 665 4350 vedast
700 4274 811 4351 multa
835 4282 982 4352 tractent
1006 4298 1069 4348 nea
1106 4272 1302 4374 intelligant
1336 4273 1419 4348 satis
1454 4277 1665 4372 quantopere
1690 4295 1809 4358 corum

290 4395 426 4486 intersit
454 4405 494 4472 ut
529 4393 617 4469 bene
645 4401 788 4470 utantur
813 4393 1071 4495 opportunitate
1096 4401 1133 4470 et
1153 4403 1306 4494 tempore
1331 4391 1398 4468 sibi
1423 4417 1602 4484 eonoaaso,
1627 4391 1692 4468 hoc
1719 4401 1811 4468 certe

292 4499 336 4592 de
363 4515 545 4616 Miquellio
573 4514 642 4590 dici
673 4538 743 4590 non
765 4524 889 4615 potest.
941 4514 1006 4590 Ille
1041 4515 1251 4613 experientia
1273 4522 1478 4613 cognoverat
1503 4520 1676 4612 quantum
1702 4513 1812 4592 valeat

290 4635 336 4712 cd
370 4634 488 4710 studia
522 4634 754 4735 promovenda
789 4634 931 4711 sedulus
966 4633 1063 4708 labor
1098 4642 1134 4710 et
1168 4633 1303 4708 sobrius
1334 4631 1498 4732 temporis
1524 4633 1620 4708 usus.
1669 4631 1810 4708 Patrem

291 4755 420 4836 imitari
444 4754 568 4835 statuit
601 4778 743 4854 parcum
780 4754 944 4854 temporis
977 4761 1013 4828 et
1043 4753 1099 4828 vix
1124 4778 1186 4852 per
1209 4761 1357 4853 quatuor
1377 4777 1486 4832 annos
1512 4751 1711 4850 Groningac
1737 4775 1812 4828 ma·

293 4899 398 4965 nene,
424 4877 554 4952 interea
578 4899 647 4952 nou
670 4881 807 4960 tantum
837 4875 883 4950 ad
917 4897 1072 4952 summos
1096 4875 1133 4950 iu
1159 4873 1327 4952 mefficina
1352 4873 1499 4952 honores
1529 4871 1597 4950 tuit
1619 4870 1812 4964 admissus,
