4984 6286
644 726 686 794 '18
1144 713 1364 782 mulcta
1403 711 1672 794 OlllllllUll.

649 931 791 1032 qnidam
812 926 1022 1016 simillimos,
1042 924 1126 998 dum
1147 930 1266 998 contra
1282 947 1352 998 non
1369 921 1419 998 ita
1437 945 1547 1022 pauca
1563 919 1766 997 manifestae
1793 917 1996 996 imitationis
2022 924 2180 1024 exempla

649 1049 776 1126 omisit.
2158 1081 2179 1124 x

698 1167 857 1243 Indidem
888 1168 948 1257 fit,
981 1173 1021 1241 nt
1053 1164 1145 1238 iusto
1175 1161 1331 1262 iniquius
1357 1163 1401 1238 da
1423 1162 1537 1238 Flacci
1559 1186 1645 1238 vena
1670 1159 1805 1260 poetica
1823 1159 1976 1238 iudicare
2004 1161 2179 1256 videatur,

651 1288 817 1364 inductus
847 1287 951 1362 etiam
981 1286 1043 1373 iis,
1078 1309 1167 1383 quaa
1194 1282 1269 1382 ipse
1298 1292 1400 1384 poeta
1432 1282 1488 1358 hic
1510 1283 1579 1358 illic
1603 1280 1702 1356 suavi
1726 1307 1805 1358 cum
1831 1283 1999 1360 modestia
2022 1309 2085 1360 neo
2107 1286 2180 1361 sine

649 1410 725 1508 opis
749 1409 907 1507 propriae
931 1405 1206 1479 dissimulatione
1231 1406 1432 1503 profitetur,
1454 1413 1496 1477 ut
1520 1404 1722 1478 omittamus
1744 1403 1787 1476 de
1808 1403 1964 1479 eiusdem
1980 1405 2044 1479 viri
2064 1405 2180 1480 indole

651 1552 720 1603 non
744 1527 827 1602 satis
847 1534 985 1600 cautam
1009 1523 1151 1622 proferri
1179 1523 1410 1612 sententiam,
1443 1523 1560 1598 nixam
1584 1523 1671 1612 illis,
1703 1547 1793 1622 quaa
1812 1524 2017 1601 sataleiam
2041 1550 2181 1626 provee·

651 1649 718 1724 tior
745 1672 860 1723 rernm
885 1646 1113 1720 humanarum
1137 1643 1322 1717 vanitatem
1345 1665 1489 1743 perosus
1508 1643 1681 1743 sapienter
1701 1668 1784 1718 sane
1810 1645 1994 1744 praecepit.
2044 1646 2180 1721 Deinde

652 1793 742 1868 quae
764 1769 808 1843 de
831 1775 903 1844 arte
928 1763 1091 1841 imitandi
1116 1762 1306 1862 disputavit
1328 1787 1398 1836 non
1423 1770 1505 1837 sunt
1530 1763 1614 1838 haee
1640 1763 1782 1862 quidem
1803 1765 1945 1840 omnino
1966 1766 2179 1865 spernanda,

652 1890 714 1964 sed
747 1887 963 1988 diligentiore
987 1884 1202 1985 singulorum
1229 1883 1382 1958 locorum
1409 1883 1700 1984 contemplatione
1725 1894 1835 1960 artem
1862 1885 1956 1962 illam
1981 1887 2083 1985 plane
2111 1887 2179 1962 sin·

651 2009 829 2108 galonem,
866 2032 937 2106 qua
970 2005 1103 2080 nemini
1134 2014 1187 2079 est
1219 2003 1276 2078 hic
1299 2014 1401 2102 poeta
1435 2004 1630 2094 secundus,
1664 2005 1701 2081 in
1730 2005 1882 2104 pleniore
1913 2007 1990 2081 lnea
2018 2007 2182 2082 eodooarc

653 2137 829 2228 potuerat:
866 2125 961 2224 quod
992 2136 1167 2200 auctorem
1199 2148 1268 2198 non
1291 2123 1411 2198 lenisse
1435 2149 1476 2198 eo
1502 2125 1613 2224 magis
1636 2125 1826 2200 dolendum
1849 2133 1920 2214 est,
1940 2125 2030 2225 quia
2055 2126 2085 2201 is
2108 2128 2182 2226 ipse

653 2251 767 2339 locus,
801 2273 906 2346 quem
943 2246 1137 2322 accuratius
1171 2245 1237 2320 hoc
1271 2245 1410 2320 nomina
1445 2253 1587 2333 tractat,
1622 2267 1666 2318 an
1701 2245 1881 2344 Sapphus,
1915 2271 2003 2346 qnae
2029 2256 2084 2322 est
2108 2247 2183 2323 eins

654 2369 788 2468 opinio,
814 2367 1002 2441 imitationi
1028 2365 1214 2453 debeatur,
1240 2364 1395 2440 dubitari
1420 2365 1515 2440 hand
1539 2365 1664 2440 iniuria
1689 2367 1809 2465 possit.

703 2491 740 2562 ln
761 2489 852 2577 loco,
879 2486 941 2586 qui
962 2496 1015 2560 est
1040 2485 1084 2559 de
1105 2485 1220 2560 Flacci
1242 2485 1485 2561 novationilrns
1505 2483 1541 2560 in
1564 2509 1721 2560 sermone
1745 2485 1879 2584 poetico
1901 2485 2047 2576 latino,
2064 2485 2184 2562 multis

654 2609 889 2709 gravibusque
914 2606 1087 2682 erroribus
1111 2630 1147 2681 se
1171 2605 1344 2706 implicuit
1367 2605 1512 2704 scriptor
1532 2605 1569 2680 in
1592 2604 1635 2680 iis
1654 2606 1875 2704 praesertim,
1901 2631 1991 2706 qnae
2012 2608 2056 2683 de
2072 2607 2185 2682 verbis

655 2731 787 2803 Graeco
824 2729 921 2802 fonte
957 2726 1101 2802 detortis
1137 2725 1301 2801 disseruit
1339 2733 1432 2819 (narn
1473 2751 1552 2828 pars
1586 2725 1775 2824 syntactiea
1805 2739 1860 2802 est
1888 2735 2019 2825 quanto
2054 2729 2184 2827 plenior

656 2858 752 2924 tanto
775 2847 999 2940 accuratior),
1025 2871 1087 2921 nec
1115 2848 1199 2921 satia
1229 2848 1359 2946 ubique
1388 2847 1612 2936 meminerat,
1637 2872 1727 2946 quae
1753 2846 1983 2922 iamdudum
2008 2857 2090 2923 ente
2111 2849 2184 2924 Ho-

653 2967 782 3042 ratium
804 2967 948 3064 eiusqne
973 2965 1135 3063 aequales
1160 2989 1181 3040 s
1205 2967 1316 3064 poetis
1339 2966 1473 3042 latinis
1494 2966 1530 3040 in
1553 2966 1617 3041 hoo
1641 2991 1769 3065 genere
1792 2977 1916 3043 novata
1941 2978 2067 3044 essent.

703 3088 778 3161 Nec
813 3087 1029 3186 singulorum
1063 3085 1213 3160 locorum
1251 3087 1322 3160 sine
1351 3085 1635 3185 interpretatione
1671 3088 1743 3162 sive
1774 3089 1854 3163 crisi
1882 3113 1919 3163 se
1940 3088 1990 3163 ita
2010 3111 2184 3163 commen·

655 3207 767 3296 davit,
794 3215 832 3280 ut
854 3207 916 3282 hnc
942 3207 1066 3280 virtute
1088 3205 1221 3306 reliqua
1244 3206 1325 3281 vitia
1345 3214 1554 3306 compenset.
1604 3207 1698 3282 Nam
1721 3216 1756 3283 et
1779 3209 1815 3283 in
1841 3217 1986 3308 utraque
2008 3207 2184 3284 interdum

655 3327 773 3426 lapsus
807 3335 877 3415 est,
911 3351 975 3402 nec
1012 3326 1160 3401 virorum
1196 3327 1377 3404 doctorum
1403 3327 1618 3408 coniecturas
1642 3353 1663 3403 a
1687 3329 1853 3404 librorum
1879 3329 2085 3406 lectionibus
2109 3329 2186 3406 nbi·

524 3437 526 3442 ’
655 3473 743 3546 que,
771 3456 809 3522 ut
834 3472 895 3546 par
919 3447 1051 3536 luerat,
1077 3446 1251 3524 distinxit.

706 3569 882 3642 Postremo
901 3577 985 3642 sunt
1005 3566 1176 3666 quaedam
1196 3567 1413 3642 eruditorum
1428 3559 1573 3666 scripta,
1591 3567 1842 3644 velutTenlieli
1854 3581 2185 3669 opuspostremnm,

657 3712 746 3786 qnae
767 3712 835 3764 non
859 3689 933 3762 sine
955 3685 1201 3787 disputationis
1225 3711 1309 3761 suae
1331 3686 1539 3761 detrimento
1563 3689 1742 3765 consulere
1762 3697 1882 3764 auctor
1902 3689 2101 3789 neglexerit.

707 3807 814 3883 Hisce
833 3809 940 3906 igitur
963 3807 1007 3883 de
1019 3806 1151 3882 caussis
1172 3804 1269 3880 Ordo
1284 3805 1489 3880 laboriosam
1504 3829 1714 3906 sanansque
1726 3807 1902 3884 indoctam
1915 3808 2186 3885 Commentatio-

659 3953 738 4004 nem
775 3952 879 4003 aureo
909 3951 1055 4003 nummo
1082 3950 1150 4001 non
1177 3926 1260 4000 satis
1285 3925 1427 4025 dignam
1451 3925 1628 4016 indicans,
1661 3935 1843 4027 argenteo,
1877 3929 1972 4028 qnod
1996 3955 2058 4030 per
2081 3929 2188 4029 Regis

658 4048 929 4126 munificentiam
951 4047 1067 4136 licuit,
1088 4045 1383 4122 condecorandam
1405 4071 1480 4120 esse
1494 4046 1655 4124 decrevit.
1680 4049 1768 4124 Eius
1791 4058 1966 4125 auctorem
1982 4075 2019 4126 se
2031 4050 2188 4149 probavit

1100 4187 1211 4246 masc
1227 4155 1401 4246 nmmos
1419 4187 1532 4245 rosus
1550 4188 1743 4258 casuros,

987 4283 1123 4336 mom
1140 4283 1314 4337 Haerentem
1333 4285 1361 4334 s‘n
1378 4283 1511 4336 demta
1530 4285 1686 4353 &calagana
1704 4285 1864 4340 candidatae.

709 4406 769 4480 Ad
792 4407 933 4483 alteram
959 4409 1218 4507 quaestionemr
1255 4483 1259 4491 ,

713 4525 833 4602 rQuid
861 4551 975 4602 rerum
1003 4530 1039 4602 in
1063 4529 1191 4627 Anglia
1216 4528 1330 4603 medio
1355 4527 1491 4604 saeculo
1516 4529 1816 4626 septimodecimo
1836 4530 2013 4605 conversio
2037 4527 2187 4604 Ordines

664 4643 872 4717 rGenerales
908 4646 951 4720 da
991 4645 1063 4718 suis
1099 4645 1204 4720 rebus
1240 4653 1411 4734 statuere,
1446 4647 1532 4745 quid
1563 4647 1758 4725 Gromwelli
1789 4649 1931 4726 eondlia
1962 4650 2056 4751 ipsos
2085 4672 2187 4748 agere

666 4765 921 4864 ncoegerunt?”
947 4764 1081 4839 nullum
1108 4789 1311 4866 responsum
1335 4776 1513 4867 acceptum
1541 4776 1604 4844 est.
