4984 6286
635 715 678 784 18
1150 717 1617 788 Lnttounsnlr

686 1044 810 1122 Gausis
842 1043 993 1142 deniqne
1024 1044 1141 1146 legum
1178 1071 1199 1122 a
1232 1048 1388 1124 moribus
1426 1043 1675 1145 discrepantiae
1711 1052 1746 1119 et
1782 1043 1866 1118 haec
1903 1050 1956 1117 est
1992 1040 2160 1118 adnume-

635 1165 761 1252 randa,
803 1163 898 1262 quod
935 1165 1085 1264 populus
1119 1167 1181 1264 qui
1219 1167 1286 1244 illis
1321 1168 1450 1256 utitur,
1488 1191 1557 1241 non
1594 1173 1715 1265 sponte
1751 1187 1809 1240 aas
1846 1162 1915 1237 sibi
1947 1161 2065 1250 scivit,
2097 1161 2160 1235 sed

634 1284 751 1385 potius
772 1284 905 1360 inuitus
923 1285 968 1360 ab
989 1285 1056 1360 alio
1074 1287 1221 1385 populo,
1247 1288 1346 1362 cuius
1367 1286 1432 1360 sub
1454 1285 1620 1360 ditionem
1642 1283 1710 1358 luit
1730 1283 1891 1358 redactus
1915 1280 1982 1356 sibi
2000 1279 2160 1356 obtrusas

634 1406 774 1505 recepit.
823 1404 943 1481 Victor
970 1407 1063 1482 enim
1096 1431 1218 1505 perum
1249 1409 1415 1483 sollicitus
1449 1407 1493 1480 de
1525 1431 1566 1480 eo
1592 1405 1687 1505 quod
1716 1403 1805 1478 victo
1833 1402 1994 1502 expediat
2016 1400 2162 1499 eiusque
2207 1477 2211 1482 .

635 1523 805 1599 institutis
834 1531 954 1624 aptum
987 1524 1053 1612 sit,
1087 1524 1125 1598 id
1151 1533 1289 1600 tantum
1321 1526 1414 1626 agit,
1450 1531 1547 1620 (oum
1569 1549 1631 1624 pro
1656 1525 1787 1600 ratione
1812 1531 1880 1598 stet
1903 1522 2096 1616 voluntas),
2123 1529 2162 1596 ut

638 1644 694 1719 hic
722 1669 783 1744 per
815 1644 909 1744 leges
940 1669 1078 1744 quoque
1102 1670 1218 1721 secum
1245 1648 1421 1723 coalescat.
1474 1649 1550 1722 Iam
1575 1643 1810 1733 credideritis,
1836 1643 2047 1742 simulatque
2068 1643 2164 1741 turpi

637 1763 720 1864 iugo
752 1765 878 1841 collum
916 1765 1021 1841 fucrit
1050 1773 1225 1865 ereptum,
1262 1767 1406 1866 pristina
1440 1776 1476 1842 et
1509 1767 1621 1866 patria
1657 1765 1733 1841 iura
1766 1771 1938 1864 quatenus
1965 1764 2011 1838 ab
2040 1785 2106 1837 usu
2127 1770 2162 1837 et

637 1884 787 1960 utilitate
818 1885 966 1960 luissent
997 1885 1161 1984 probata,
1196 1887 1408 1987 postliminio
1441 1887 1598 1975 restitui,
1633 1892 1752 1962 contra
1774 1909 1817 1959 ex
1835 1884 2016 1982 peregrino
2038 1891 2073 1958 ot
2100 1883 2162 1956 ob·

638 2011 734 2079 truso
754 2005 830 2080 iure
853 2004 890 2079 id
910 2005 1028 2080 statim
1050 2005 1245 2104 antiquari,
1271 2008 1366 2107 quod
1391 2032 1453 2082 nec
1478 2008 1611 2081 iustum
1634 2005 1757 2080 babuit
1781 2005 1919 2080 initium
1944 2029 2006 2079 neo
2031 1993 2163 2078 diutius

639 2124 776 2200 vivendi
796 2124 901 2200 habet
923 2125 1104 2202 rationem.
1156 2128 1225 2202 Sed
1247 2129 1343 2204 eccel
1371 2127 1486 2202 denuo
1507 2125 1714 2225 culpabilem
1742 2126 1937 2200 tarditatem
1959 2123 2163 2223 legislatoris
2290 2199 2294 2209 ,

636 2243 821 2344 patientis,
854 2252 896 2320 ut
927 2246 1099 2321 eiusmodi
1128 2247 1223 2348 leges
1255 2249 1354 2347 qnasi
1386 2248 1536 2348 gloriosa
1562 2245 1735 2321 servitutis
1761 2253 1985 2320 monumenta
2010 2245 2046 2318 in
2071 2251 2165 2318 statu

638 2388 702 2439 suo
739 2373 949 2441 remaneant.
1002 2367 1110 2446 Quod
1146 2393 1226 2445 cum
1262 2368 1345 2448 alibi
1377 2369 1509 2443 lactum
1544 2367 1720 2456 videmus,
1755 2373 1831 2441 tum
1860 2363 1965 2438 etiam
1990 2362 2165 2462 lupatria

638 2491 755 2558 nostro
785 2511 807 2560 a
841 2485 952 2562 Gallis
983 2486 1147 2576 subacta,
1172 2489 1301 2564 damno
1326 2500 1444 2564 nostro
1467 2487 1601 2588 experti
1624 2509 1756 2562 sumus.
1806 2485 1936 2583 Negari
1961 2481 2082 2581 ntique
2104 2507 2163 2556 ne·

638 2602 735 2702 quit,
770 2602 870 2678 nobis
901 2603 987 2679 iuris
1014 2606 1199 2682 ordinandi
1231 2617 1303 2684 arte
1329 2609 1424 2684 band
1451 2633 1533 2684 sane
1557 2606 1770 2705 conspicuis,
1795 2604 1940 2678 feliciter
1962 2601 2163 2702 contigisse,

640 2723 735 2821 qnod
764 2747 827 2823 per
861 2724 1039 2800 adversam
1075 2737 1228 2802 nostram
1258 2729 1454 2817 fortunam,
1492 2726 1627 2802 liberati
1651 2725 1790 2800 tandem
1817 2722 1947 2798 luimus
1971 2722 2073 2798 variis
2096 2722 2163 2798 illis

640 2867 680 2918 ao
710 2843 853 2918 diversis
889 2845 1028 2922 statutis
1060 2855 1096 2920 et
1123 2850 1454 2946 consuetudinibus,
1487 2873 1576 2945 quae
1603 2845 1639 2920 in
1670 2846 1769 2920 variis
1793 2842 2001 2942 reipublicae
2026 2853 2162 2917 nostrae

639 2962 797 3063 partibus
830 2964 913 3038 olim
953 2963 1195 3055 obtinuerant,
1234 2968 1329 3067 quod
1363 2968 1392 3043 si
1424 2967 1554 3043 lactum
1592 2990 1660 3041 non
1689 2970 1798 3050 asset,
1831 2961 1973 3035 forsitan
2007 2970 2043 3034 et
2068 2984 2162 3036 nunc

565 3088 569 3094 ’
639 3083 871 3182 gauderemus
893 3090 946 3158 tot
967 3083 1122 3175 iuribus,
1149 3097 1235 3184 quot
1256 3099 1339 3162 sunt
1361 3089 1397 3161 in
1419 3111 1526 3187 regno
1552 3093 1668 3159 nostro
1691 3081 1903 3182 provinciae,
1930 3079 2051 3168 urbes,
2079 3079 2161 3168 vici,

641 3204 734 3304 pagi.
785 3204 854 3279 Sed
874 3204 920 3279 ab
943 3205 1050 3279 altera
1069 3214 1167 3304 parte
1191 3233 1294 3282 nemo
1315 3208 1448 3282 inficias
1467 3206 1553 3295 ibit,
1580 3206 1672 3280 bunc
1693 3227 1798 3303 quem
1822 3201 1969 3276 tulimus
1989 3201 2162 3290 fructum,

640 3322 744 3422 longe
777 3323 969 3398 uberiorem
1005 3324 1162 3400 futurum
1195 3328 1323 3416 luisse,
1358 3329 1387 3403 si
1421 3327 1516 3403 brevi
1548 3335 1626 3426 post
1662 3332 1896 3422 recuperatam
1922 3321 2164 3396 libertatema

642 3442 835 3542 legislatore
862 3441 1009 3543 diligens
1040 3446 1219 3544 inquisitio
1251 3448 1374 3522 fuisset
1404 3445 1522 3522 habita
1553 3446 1597 3520 do
1627 3445 1669 3518 iis
1696 3466 1785 3541 quae
1812 3439 1992 3516 retinenda
2014 3451 2050 3514 et
2074 3465 2163 3538 quae

641 3563 836 3663 respuenda
858 3572 983 3640 essent.
1019 3566 1125 3644 Quod
1146 3592 1227 3641 cum
1246 3568 1357 3644 lacere
1379 3541 1637 3666 supersederet,
1659 3568 1898 3637 remanserunt
1917 3569 2164 3658 remanentque

501 3775 502 3778 Ἴ
642 3682 762 3783 inepta
782 3691 818 3757 et
839 3683 1012 3775 absurda,
1034 3709 1124 3782 quae
1146 3695 1281 3762 tantum
1303 3687 1433 3763 civitati
1454 3686 1643 3762 attulerunt
1667 3684 1856 3772 danrnum,
1876 3689 1916 3754 ut
1932 3681 2008 3754 eius
2022 3681 2166 3777 vestigia

645 3803 698 3878 vel
734 3803 904 3902 hodieque
944 3805 1140 3883 cernantur.
1191 3809 1339 3883 Duobus
1374 3807 1544 3907 defungar
1579 3803 1757 3908 exemplis.
1808 3803 1903 3876 Inter
1933 3799 2048 3899 plures
2080 3799 2163 3873 alias
2274 3890 2276 3894 Ι

573 3977 580 3992 ,
645 3923 739 4023 leges
762 3933 798 3999 ct
824 3949 864 3998 ea
890 3949 911 4000 a
935 3925 1045 4000 Gallis
1074 3927 1143 4001 luit
1165 3928 1382 4016 introducta,
1409 3953 1478 4027 quo
1502 3935 1695 4013 statutum,
1721 3931 1761 3998 ut
1786 3923 1847 4020 qui
1870 3929 2000 4019 septem
2025 3920 2163 4018 gennis·

614 4136 617 4146 .
645 4051 698 4118 sat
720 4042 864 4132 liberos,
888 4053 1006 4142 posset
1031 4069 1141 4119 unum
1161 4071 1203 4120 ex
1225 4047 1378 4123 maribus
1401 4047 1462 4146 qui
1485 4046 1659 4121 decimum
1676 4044 1798 4119 aetatis
1818 4065 1947 4116 annum
1972 4041 2163 4140 attigisset,

645 4161 827 4262 adsignare
856 4188 992 4238 summo
1020 4163 1164 4265 imperio
1191 4167 1328 4265 publica
1354 4167 1517 4243 alendum
1541 4174 1575 4240 et
1601 4164 1832 4240 educandum.
1883 4162 1976 4250 Lex,
2003 4171 2042 4235 ut
2067 4161 2165 4234 facile

645 4282 867 4382 intelligitur,
901 4285 1066 4384 temporis
1102 4311 1206 4372 causa
1241 4286 1329 4376 leta,
1364 4295 1404 4362 ut
1437 4286 1568 4386 premio
1598 4283 1748 4384 quodam
1780 4280 2004 4381 procreationi
2029 4281 2164 4367 oblato,

645 4403 834 4477 incolarum
857 4427 1042 4492 numerus,
1068 4405 1300 4480 continuisse
1323 4430 1391 4480 non
1407 4405 1609 4503 interruptis
1631 4402 1730 4478 bellis
1750 4402 1958 4490 exhaustus,
1982 4409 2166 4498 augeretur

648 4523 821 4620 simulque
845 4521 943 4597 libari
968 4523 1027 4597 isti
1050 4550 1070 4598 a
1095 4525 1225 4623 patria,
1252 4533 1291 4598 ut
1315 4526 1489 4624 eleganter
1516 4524 1624 4612 Galli,
1651 4522 1823 4621 adoptati,
1850 4528 1983 4595 mature
2005 4520 2040 4592 in
2063 4519 2166 4617 lyceia

648 4641 855 4717 militaribus
891 4642 1134 4719 imbuerentur
1168 4644 1368 4745 disciplinis.
1428 4645 1533 4745 Apud
1574 4669 1635 4719 nos
1672 4651 1809 4718 tentum
1842 4637 1971 4727 abfuit,
2013 4649 2052 4713 ut
2088 4640 2165 4738 quis

646 4763 835 4839 incolarum
868 4788 1051 4838 numerum
1087 4765 1267 4841 artificiose
1303 4758 1430 4866 augeri
1452 4774 1624 4866 optasset,
1659 4775 1697 4840 nt
1724 4761 1879 4865 plerique
1907 4759 2023 4860 potius
2044 4785 2163 4857 quere-

649 4894 786 4974 rentur,
820 4892 872 4959 tot
902 4909 941 4960 ao
975 4892 1090 4959 tantm
1120 4910 1195 4960 essa
1219 4887 1335 4986 fruges
1357 4911 1558 4964 consumere
1578 4895 1699 4975 natos,
1716 4907 1837 4983 neque
1857 4883 1906 4958 ita
1926 4881 2053 4982 gloriae
2077 4878 2164 4954 mili·
