4984 6286
970 724 1249 794 oraria.
1828 679 1912 792 1r'

345 956 425 1008 suos
454 955 556 1006 nosse
592 930 707 1009 debet.
757 930 873 1006 Aliam
905 931 1018 1031 legem
1053 933 1227 1031 adquam
1260 931 1410 1032 exempli
1427 957 1531 1009 causa
1549 957 1713 1034 provoco,
1738 956 1868 1009 memo·

342 1052 412 1128 riae
442 1052 590 1151 quaeso!
625 1059 757 1127 restrae
793 1052 966 1128 mandate.
1029 1053 1122 1128 Nam
1162 1077 1283 1128 omnes
1314 1051 1385 1126 fere
1417 1053 1479 1151 qui
1511 1053 1568 1128 hic
1606 1053 1751 1144 adestis,
1783 1052 1869 1154 quin

344 1180 380 1249 et
410 1197 469 1248 ros
509 1171 661 1271 collegae
694 1172 999 1263 aestumatissimi,
1035 1175 1098 1274 qui
1138 1171 1277 1274 publice
1309 1173 1365 1248 ius
1395 1174 1625 1273 profitemini,
1651 1173 1807 1273 quotidie
1831 1173 1868 1248 in

343 1294 400 1369 ius
447 1291 674 1368 committitis.
724 1291 825 1367 Oavit
858 1293 1022 1370 nimirum
1064 1293 1267 1370 constitutio
1301 1293 1397 1394 regia
1439 1293 1505 1370 rite
1546 1294 1784 1394 promulgata,
1823 1319 1867 1370 ne

346 1413 424 1514 quis
455 1435 536 1487 eum
571 1412 633 1511 qui
667 1411 750 1487 alibi
777 1412 990 1488 domicilium
1014 1413 1120 1489 habet
1146 1414 1266 1509 (etiam
1289 1415 1318 1489 si
1341 1422 1440 1514 pater
1463 1421 1614 1492 meterve
1641 1413 1734 1489 filius
1754 1414 1867 1490 filiave

344 1534 403 1628 sit)
432 1531 485 1607 vel
510 1556 572 1632 per
600 1557 706 1608 unam
730 1543 868 1609 noctem
893 1533 1063 1634 hospitem
1087 1535 1248 1635 recipiat,
1274 1535 1342 1611 nisi
1364 1535 1454 1610 intra
1479 1559 1538 1610 ses
1563 1534 1663 1610 horas
1690 1542 1769 1633 post
1792 1535 1867 1610 eius
1893 1515 1896 1524 ⁷

343 1655 531 1730 aduentum
565 1655 742 1729 certiorem
777 1654 895 1730 fecerit
924 1655 1164 1755 magistratum
1200 1654 1445 1755 municipalem
1467 1654 1717 1755 curareritque
1739 1653 1868 1755 hospiti

343 1798 406 1848 suo
441 1771 599 1847 exhiberi
632 1772 927 1864 instrumentum,
963 1775 1142 1850 continens
1178 1799 1409 1875 praenomen,
1446 1800 1595 1867 nornen,
1631 1775 1720 1850 vitae
1754 1799 1866 1876 genus

341 1893 537 1993 recipientis
558 1901 595 1967 et
618 1893 694 1968 eius
718 1893 780 1993 qui
801 1893 966 1994 recipitur
990 1919 1129 1995 quoque
1149 1895 1382 1970 instrumento
1402 1896 1639 1972 commorandi
1660 1896 1759 1972 venia
1779 1920 1866 1971 nou·

340 2014 409 2089 nisi
442 2015 479 2088 in
517 2013 780 2113 quatuordecim
813 2013 887 2089 dies
924 2015 1137 2116 indulgetur.
1186 2014 1255 2090 Vix
1286 2015 1438 2117 profecto
1472 2014 1656 2114 credibile,
1690 2015 1726 2089 in
1755 2014 1867 2114 patria
1954 2103 1957 2108 Δ

341 2141 459 2209 nostra
479 2156 567 2234 quae
587 2142 640 2208 est
661 2133 854 2234 meritoque
875 2133 1023 2210 habetur
1043 2135 1212 2211 libertatis
1232 2137 1490 2227 amantissime,
1515 2160 1585 2211 nou
1606 2135 1708 2211 licere
1720 2133 1867 2234 quodvis

341 2279 548 2355 praenomen
579 2253 697 2329 liberis
728 2255 800 2331 suis
831 2255 931 2347 dare,
966 2258 1020 2332 vel
1051 2255 1249 2357 proximum
1282 2265 1467 2358 cognatum
1491 2280 1682 2357 perunum
1708 2263 1864 2346 noctem,

340 2375 409 2449 nisi
446 2375 545 2450 venie
578 2374 763 2474 impetrata
797 2375 971 2473 hospitem
1008 2376 1167 2476 recipere.
1218 2377 1265 2450 Et
1301 2384 1417 2451 tamen
1456 2398 1511 2449 res
1548 2375 1598 2450 ita
1633 2399 1708 2450 esse
1748 2373 1863 2451 habet.

343 2493 460 2570 Prima
496 2495 626 2595 quippe
659 2495 715 2570 lex
750 2495 918 2595 originem
949 2497 1052 2572 traxit
1081 2522 1102 2572 a
1136 2496 1358 2571 conversione
1381 2517 1498 2570 rerum
1524 2493 1709 2594 superioris
1735 2493 1863 2583 seculi,
1946 2497 1951 2506 '

339 2636 409 2713 quo
444 2614 605 2688 homines
645 2611 904 2724 delectabantqr
937 2613 1218 2713 praenominibus
1251 2637 1320 2689 non
1351 2639 1372 2690 a
1402 2615 1577 2715 personis.
1612 2613 1673 2688 sed
1706 2638 1727 2688 a
1759 2613 1864 2688 rebus

336 2731 555 2822 inanimatis,
590 2731 808 2831 potissimum
833 2758 853 2807 a
877 2734 1054 2823 libertate,
1080 2734 1292 2811 fraternitate
1318 2743 1353 2811 et
1378 2737 1585 2836 aequalitate
1610 2734 1785 2835 repetitis,
1810 2735 1865 2811 vel

336 2850 490 2940 talibus,
515 2875 605 2949 quae
629 2851 773 2927 charum
800 2852 1009 2929 familiarum
1031 2853 1138 2952 idque
1161 2855 1332 2931 nobilium
1357 2863 1454 2931 erant
1475 2855 1626 2932 nomina.
1661 2851 1861 2930 Perversam

336 2971 431 3046 illam
456 2972 745 3046 consuetudinem
769 2997 848 3047 oum
875 2972 1109 3071 pertubationi
1135 2997 1254 3049 ansam
1286 2973 1522 3074 praebuisset,
1549 2973 1696 3073 sapienti
1720 2973 1862 3049 consilio

335 3090 563 3168 cohibendam
599 3116 674 3166 esse
707 3092 1001 3167 existimaverunt.
1052 3092 1239 3168 Decretum
1271 3095 1407 3193 regium
1435 3094 1480 3167 de
1509 3093 1645 3192 hospite
1676 3115 1745 3167 nou
1775 3091 1859 3169 reci·

335 3211 482 3313 piendo,
498 3210 574 3287 fuit
600 3211 734 3287 editum
758 3219 839 3287 ants
862 3211 1093 3313 quadraginta
1120 3237 1246 3302 annos,
1272 3238 1344 3313 quo
1367 3221 1521 3312 tempore
1541 3236 1622 3288 cum
1646 3211 1766 3311 Belgis
1781 3211 1859 3287 fini·

335 3331 430 3407 timis
461 3331 647 3431 gerebatur
679 3330 809 3407 bellum
836 3340 871 3407 et
895 3341 1010 3409 metus
1031 3333 1291 3423 intercesserat,
1316 3357 1360 3408 ne
1383 3330 1583 3433 trahsfugae
1609 3337 1646 3406 et
1667 3330 1859 3431 proditores

335 3452 476 3528 aliunde
500 3451 674 3543 advenae,
698 3453 830 3528 civitati
852 3446 1249 3558 periculumpudfarrcnt.
1299 3453 1348 3527 At
1372 3477 1451 3528 vero
1473 3452 1568 3552 apud
1592 3477 1655 3526 uos
1676 3452 1738 3551 qui
1759 3451 1859 3527 liberi

335 3580 370 3648 el
395 3572 555 3672 aequales
575 3595 650 3646 esse
673 3596 778 3671 quam
803 3573 911 3648 videri
933 3574 1124 3664 malumus,
1150 3574 1281 3674 quique
1303 3598 1372 3648 nou
1399 3580 1472 3650 tam
1493 3571 1620 3672 cupido
1640 3571 1857 3648 nobilitatem

336 3703 525 3783 sectamur,
560 3700 600 3767 ut
628 3691 727 3768 malis
754 3693 888 3769 artibus
912 3719 975 3769 nos
997 3694 1033 3768 iu
1059 3719 1135 3769 eam
1161 3693 1336 3770 insinuare
1358 3693 1522 3782 velimus,
1560 3690 1735 3768 nemiuem
1758 3689 1858 3766 facile

335 3813 442 3889 libido
467 3813 582 3913 capiat
602 3814 825 3914 praenomina
849 3815 1021 3915 eligendi,
1046 3840 1136 3914 quae
1166 3815 1304 3889 nonnisi
1327 3813 1492 3890 ridiculae
1515 3810 1755 3888 ostentationis
1779 3835 1856 3911 apa·

334 3934 420 4009 ciam
457 3957 539 4034 prae
568 3957 606 4007 se
640 3933 762 4009 ferant.
817 3935 909 4010 Oum
938 3934 1057 4035 Belgis
1088 3933 1270 4011 nobiscum
1296 3944 1349 4009 est
1374 3959 1463 4033 pax,
1488 3931 1612 4008 foedus
1636 3939 1671 4007 at
1694 3931 1854 4007 amicitia.

335 4054 546 4129 Constitutio
576 4062 690 4129 tamen
715 4054 810 4154 regia
832 4055 875 4129 ad
904 4055 996 4130 hunc
1024 4079 1135 4153 usque
1161 4054 1253 4130 diem
1278 4054 1314 4128 in
1339 4053 1457 4128 daris
1480 4052 1630 4152 publicis
1653 4052 1764 4151 fulget
1787 4049 1854 4123 ful·

334 4174 519 4274 gebitque,
555 4173 664 4248 donec
700 4174 745 4250 ab
778 4199 848 4250 uno
882 4176 1030 4252 alterove
1064 4173 1145 4275 pagi
1178 4174 1266 4250 forte
1303 4173 1509 4273 magistratu
1534 4196 1645 4247 unum
1668 4195 1711 4245 ex
1740 4169 1853 4245 muni·

335 4293 471 4393 cipibus
503 4302 685 4383 vasatum,
721 4319 764 4370 ex
799 4295 982 4370 annalibus
1014 4301 1173 4384 eruetur,
1210 4301 1246 4369 et
1278 4292 1564 4369 condemnatione
1589 4290 1715 4366 iudicis
1737 4297 1856 4366 secuta

334 4416 491 4488 universe
515 4414 560 4488 ed
587 4412 781 4489 libertatem
808 4415 1070 4515 proclamabunt
1095 4417 1139 4509 ¹).
1188 4457 1190 4466 ·

365 4645 388 4718 ¹)
417 4643 485 4704 Post
508 4644 578 4702 hano
601 4643 748 4701 orationem
766 4643 888 4702 habitam
907 4642 1004 4717 aliquis
1020 4659 1063 4699 me
1082 4639 1235 4709 admonuit,
1258 4634 1479 4696 constitutionem
1502 4632 1578 4692 illam
1601 4631 1756 4706 abrogatam
1773 4631 1858 4690 fuisse

331 4735 375 4794 die
398 4737 415 4793 t
439 4755 474 4794 m.
499 4735 656 4795 Decembris
679 4736 743 4794 anni
767 4738 849 4795 1858.
884 4735 986 4793 Parnm
1007 4736 1099 4791 teman
1124 4732 1175 4790 hoc
1201 4729 1235 4788 ad
1255 4731 1442 4804 argumentum
1459 4727 1643 4803 propositum,
1666 4739 1858 4798 quamverum

335 4833 456 4900 meti,
480 4829 567 4904 legam
593 4830 780 4906 temporariam
809 4830 908 4906 viginti
934 4847 1018 4887 annos
1044 4829 1185 4903 postquam
1212 4821 1312 4883 smodi
1337 4840 1419 4882 causa
1444 4820 1608 4891 cesmvarat,
1634 4816 1855 4891 vigesumum

332 4923 482 4985 obtinuisse
499 4925 652 5001 hushsque
669 4924 734 4983 adeo
752 4923 853 4984 cisium
870 4923 1011 4983 liberatam
1028 4919 1204 4998 impedivisse.
1659 5003 1682 5074 8
