4984 6286
623 705 666 770 14
1149 699 1615 770 aaaounsulv

628 913 724 1014 vulgi
753 913 808 988 ad'
825 909 1009 985 seditiones
1040 897 1266 1010 omniumque
1292 934 1407 987 rerum
1431 910 1687 988 conversionem
1711 911 1868 987 incitant.
1921 911 2051 988 Omnia
2074 937 2148 988 aur·

627 1059 706 1110 snm
740 1033 899 1107 deorsum
930 1029 1138 1120 miscentur,
1170 1039 1328 1108 mutatur
1349 1031 1486 1132 imperii
1506 1032 1637 1124 torma,
1670 1032 1726 1108 ius
1752 1039 1851 1108 vetus
1873 1056 1914 1108 ao
1933 1029 2038 1133 longo
2061 1039 2148 1110 tem·

626 1180 709 1256 pore
731 1149 968 1229 consecratum
995 1159 1124 1226 temere
1150 1151 1312 1227 obiicitur
1334 1160 1370 1228 et
1390 1177 1454 1252 pro
1475 1177 1537 1243 eo,
1562 1152 1649 1228 aliae
1674 1177 1778 1252 anper
1801 1151 1886 1230 alias
1909 1158 2151 1228 coacervantur

625 1278 718 1375 leges
747 1296 875 1361 novae,
903 1270 1110 1360 subitarias,
1136 1272 1400 1363 tumultuariae,
1434 1297 1467 1348 v.
1483 1299 1513 1351 c.
1543 1272 1587 1349 de
1616 1272 1780 1373 suffragio
1799 1297 1882 1350 cum
1904 1272 2025 1349 infima
2048 1272 2150 1372 plebe

626 1393 935 1482 communicando,
961 1392 1005 1466 de
1030 1391 1126 1466 novis
1150 1391 1299 1481 tabulis,
1325 1392 1369 1468 de
1392 1392 1668 1492 possessionibus
1693 1393 1914 1483 dividendis,
1939 1392 1984 1469 de
2005 1393 2150 1468 officinis

626 1515 794 1616 publicis,
821 1513 864 1587 de
894 1513 1056 1587 societate
1081 1536 1283 1611 operarum,
1310 1514 1354 1588 de
1379 1493 1549 1589 abolendo
1571 1513 1688 1604 cultu,
1715 1513 1758 1588 de
1783 1513 2008 1590 reformandis
2029 1514 2148 1604 fastis,

627 1637 671 1710 de
700 1631 931 1709 matrimoniis
965 1639 1000 1708 et
1030 1631 1200 1721 divortiis,
1234 1631 1279 1704 de
1301 1630 1534 1731 exaequandis
1559 1631 1695 1706 iuribus
1719 1628 1914 1731 spuriorum
1939 1639 1974 1708 et
1995 1632 2150 1732 legitime

625 1763 868 1854 conceptorum
902 1762 937 1829 et
974 1743 1125 1852 deniqv‘ae
1157 1751 1287 1827 multae
1323 1750 1430 1842 aliae,
1463 1775 1553 1850 quae
1579 1751 1752 1852 quidquid
1783 1751 1934 1828 habeant
1951 1751 2149 1852 praeclari,

625 1876 690 1952 boc
719 1900 791 1950 uno
821 1875 947 1974 exiguo
978 1874 1135 1978 laborant
1165 1872 1270 1961 vitio,
1305 1872 1399 1969 quod
1429 1874 1580 1972 populus
1617 1897 1689 1949 eas
1722 1872 1841 1947 terre
1877 1896 1960 1948 non
1989 1877 2148 1973 potest.

563 2089 566 2094 Ι
624 1995 726 2085 Dixi,
754 1997 842 2070 bane
865 2019 1002 2070 morum
1028 1994 1216 2094 legumque
1241 1991 1506 2092 discrepantiam
1531 1993 1643 2092 priore
1670 1992 1729 2067 illa
1756 1992 1858 2093 longe
1883 2016 1958 2067 esse
1981 1992 2148 2090 pernicio·

625 2116 760 2191 aiorern.
812 2115 910 2194 Quid
941 2115 1034 2190 enirn
1053 2113 1128 2188 fieri
1149 2119 1297 2188 testatur
1318 2136 1399 2188 cnm
1420 2120 1672 2220 veterumtnm
1694 2113 1904 2210 populorum
1922 2111 2149 2188 recentiorum

624 2236 792 2312 historia?
830 2235 899 2310 Vix
921 2262 943 2312 a
966 2235 1115 2310 tribunis
1138 2233 1210 2308 suis
1232 2233 1403 2308 concitata
1428 2232 1548 2333 plebs,
1572 2231 1757 2330 comperit,
1784 2256 1821 2306 se
1849 2255 1935 2307 vana
1959 2256 2020 2331 ape
2043 2231 2151 2308 fuisse

624 2354 804 2452 deceptam
829 2359 865 2427 et
890 2376 997 2451 posse
1026 2352 1167 2451 quidem
1193 2349 1311 2424 subito
1336 2350 1430 2451 leges
1456 2359 1492 2426 et
1513 2350 1699 2450 imperium
1725 2350 1820 2440 tolli,
1845 2375 1915 2426 non
1939 2374 2017 2427 vero
2040 2351 2150 2426 bomi-

595 2498 708 2556 ¹num
746 2472 829 2547 vitia
866 2480 901 2546 et
938 2471 1028 2546 vitae
1060 2471 1170 2546 civilis
1195 2469 1448 2561 conditionem,
1474 2494 1555 2546 cum
1581 2478 1618 2545 et
1642 2495 1748 2547 novas
1775 2495 1856 2546 suas
1890 2472 1984 2571 leges
2008 2479 2044 2546 et
2069 2495 2151 2546 auos

563 2673 568 2680 ,
623 2593 835 2694 legislatores
867 2591 1111 2680 abominatur,
1142 2597 1178 2665 et
1210 2612 1331 2665 omnes
1362 2590 1421 2665 isti
1453 2591 1618 2690 strepitus
1646 2617 1685 2666 ao
1711 2591 1885 2667 tumultus
1912 2614 1983 2691 quo
2005 2591 2074 2666 nlio
2097 2616 2151 2666 re·

624 2715 751 2803 dennt,
787 2711 855 2786 nisi
895 2724 936 2785 ut
970 2709 1134 2786 omnibus
1168 2708 1275 2784 rebus
1308 2709 1519 2810 perturbatis
1556 2717 1663 2809 atque
1694 2711 1862 2801 conlusio,
1900 2734 1993 2788 unua
2025 2711 2151 2811 aliquia

625 2833 828 2909 temerarius
861 2840 1017 2932 capessat
1054 2829 1322 2928 rempublicam,
1358 2830 1523 2929 quicum
1549 2838 1688 2906 tantum
1714 2829 1804 2906 ferro
1828 2832 1937 2922 valet,
1962 2838 2005 2906 ut
2029 2855 2151 2907 omnes

622 2953 688 3029 sub
716 2977 815 3029 suam
844 2951 1011 3026 ditionem
1035 2949 1190 3048 redigat,
1217 2948 1282 3023 boc
1304 2947 1526 3047 potissimum
1550 2950 1645 3050 agit,
1670 2957 1853 3025 uteorum
1880 2975 1970 3049 quae
1993 2950 2150 3050 proxime

623 3080 722 3174 gesta
757 3097 797 3148 ac
836 3077 1032 3172 perpetrata
1066 3069 1224 3157 fuerent,
1261 3069 1465 3144 memoriam
1501 3068 1637 3145 aboleat
1671 3070 1858 3170 omniaque
1893 3050 1942 3145 in'
1963 3069 2150 3170 pristinum

624 3179 753 3268 statum
782 3190 936 3266 reducat.
986 3189 1103 3278 Quin,
1128 3213 1207 3264 cum
1237 3187 1394 3263 homines
1421 3188 1467 3264 ad
1490 3195 1645 3265 extrema
1668 3189 1842 3282 nitantur,
1867 3189 1993 3266 unicus
2015 3189 2150 3266 fructus

624 3336 730 3410 quem
761 3309 947 3409 impetuosi
975 3309 1026 3384 illi
1058 3332 1173 3384 rerum
1205 3316 1385 3384 novatores
1413 3308 1588 3400 tulerunt,
1622 3308 1678 3384 bic
1703 3316 1778 3400 est,
1813 3318 1854 3386 ut
1877 3334 2031 3410 eaquae
2057 3311 2149 3386 lente

624 3430 839 3520 festinando,
867 3431 941 3505 eine
962 3431 1086 3505 sudore
1112 3453 1152 3504 ac
1173 3429 1342 3528 sanguine
1362 3436 1443 3529 post
1466 3428 1570 3506 breve
1591 3429 1706 3505 forsan
1728 3430 1947 3507 intervallum
1968 3431 2148 3530 impetras·

626 3559 723 3640 sent,
759 3574 853 3626 nuno
888 3573 1055 3626 novarum
1093 3571 1208 3623 rerum
1241 3556 1338 3623 metu
1373 3548 1536 3625 omnibus
1568 3549 1717 3643 iniecto,
1751 3550 1805 3624 vel
1833 3550 1871 3624 in
1905 3549 2149 3650 longissimum
2244 3627 2250 3646 ,

625 3678 765 3769 tempus
790 3668 844 3744 vel
868 3669 905 3743 in
929 3669 1106 3744 infinitum
1131 3666 1344 3744 differantur.
1403 3677 1405 3680 ’

671 3907 752 3982 Alie
778 3931 883 3983 causa
909 3931 980 4006 qua
1004 3909 1061 3998 fit,
1088 3917 1128 3983 ut
1147 3909 1241 4008 leges
1265 3907 1419 3984 moribus
1443 3931 1513 3982 non
1535 3915 1747 4006 congruant,
1772 3908 1885 4007 posita
1908 3913 1962 3982 ast
1984 3906 2020 3982 in
2044 3905 2147 4006 legia-

625 4027 742 4103 latoris
767 4025 900 4102 desidia
924 4026 1090 4125 inquam,
1121 4051 1165 4103 an
1190 4028 1346 4129 ignavia,
1371 4052 1441 4126 qua
1465 4027 1561 4127 leges
1585 4050 1654 4103 non
1683 4035 1895 4126 opportune,
1921 4026 1984 4101 sed
2006 4032 2148 4126 repente

623 4159 658 4223 et
689 4147 806 4247 prouti
835 4171 890 4220 res
922 4146 1064 4236 incidit,
1097 4173 1138 4222 eo
1161 4150 1304 4223 demum
1327 4147 1491 4247 temporis
1514 4154 1691 4222 momento
1717 4146 1894 4238 teruntur,
1918 4170 1989 4246 qno
2012 4170 2149 4222 summa

623 4267 741 4365 aliqua
773 4266 953 4341 imminere
985 4265 1143 4342 videatur
1173 4269 1360 4344 necessitas
1385 4268 1492 4366 idque
1514 4290 1628 4365 neque
1655 4266 1762 4342 totius
1784 4267 1834 4342 rei
1858 4290 1965 4366 quam
1991 4273 2148 4367 spectant

622 4384 760 4462 ambitu
787 4385 852 4460 rite
884 4393 1084 4485 perspecto,
1117 4410 1231 4485 neque
1261 4387 1305 4462 eb
1332 4387 1427 4462 omni
1450 4394 1548 4487 parte
1574 4387 1752 4486 perpensis
1777 4393 1813 4462 et
1835 4386 1927 4462 inter
1947 4409 1985 4462 aa
2008 4408 2145 4484 compa·

622 4505 706 4580 ratis
728 4503 919 4580 commodis
940 4529 1020 4581 cum
1047 4507 1193 4606 pristino
1215 4507 1290 4582 iure
1312 4507 1504 4582 coniunctis
1528 4531 1610 4582 cum
1634 4504 1863 4581 incommodis
1890 4528 1935 4582 ex
1959 4525 2049 4578 novo
2071 4501 2147 4578 iura

623 4623 788 4700 oriundis
836 4625 929 4700 Erat
955 4631 1036 4700 ante
1067 4625 1200 4726 aliquot
1232 4651 1341 4703 annos
1368 4634 1488 4704 auctor
1510 4626 1654 4725 quidam
1677 4625 1852 4716 Gallicus,
1878 4623 1940 4723 qui
1959 4628 2146 4699 venustum

624 4743 760 4843 scripsit
792 4743 948 4820 libellum
981 4744 1026 4819 de
1056 4770 1104 4821 eo·
1130 4747 1225 4847 quod
1253 4747 1404 4824 cernitvu
1430 4755 1466 4822 et
1490 4771 1560 4822 non
1584 4745 1756 4836 cernitur,
1780 4746 1817 4820 in
1839 4768 1910 4844 quo
1931 4743 2048 4820 libello
2072 4749 2144 4820 tam

625 4864 738 4964 lepide
768 4889 875 4965 quam
908 4887 986 4940 vere
1023 4865 1289 4958 demonstravit,
1323 4891 1481 4969 quaene
1516 4874 1648 4967 quanta
1671 4865 1852 4943 hominnm
1877 4863 2033 4942 sedenti
2053 4862 2145 4940 inlli-
