4984 6286
661 731 705 800 bb
1084 731 1110 797 l.
1146 729 1181 795 E.
1217 725 1506 793 Gounslssr
1539 723 1766 794 ORATIO.

661 947 785 1045 potitae
810 946 847 1015 at
869 937 937 1037 ipsi
959 959 1066 1012 ranae
1092 935 1222 1038 gloriae
1248 933 1373 1012 umbra
1395 932 1543 1033 arrepti,
1569 939 1652 1010 sunt
1674 931 1888 1025 inhumana,
1912 932 2080 1028 barbara,
2104 937 2184 1014 hor·

661 1061 793 1150 ribilia,
828 1056 1072 1135 abominanda.
1133 1055 1206 1131 Vos
1242 1055 1378 1156 potins,
1418 1053 1537 1128 reliota
1572 1053 1637 1130 hao
1673 1053 1764 1130 alma
1797 1077 1977 1131 musarum
2011 1057 2114 1148 sede,
2149 1057 2187 1135 in

661 1182 763 1280 louge
791 1178 860 1254 alia
887 1175 1092 1254 incumbite.
1142 1175 1215 1251 Vos
1246 1175 1362 1274 potius
1386 1180 1523 1262 ourate,
1556 1199 1602 1248 ne
1624 1173 1836 1250 oonsultores
1858 1175 1962 1252 vestri
1978 1177 2185 1276 aspirantur,

662 1323 708 1376 ne
737 1299 870 1375 inauris
899 1297 1082 1372 hominum
1111 1296 1223 1373 morbi
1253 1294 1450 1370 exoriantur
1474 1293 1527 1369 vel
1552 1302 1804 1394 propagentur,
1821 1299 1871 1370 'ut
1891 1295 2016 1372 melius
2035 1297 2184 1397 oognitis

662 1420 920 1522 perspectisque
950 1424 1095 1495 naturae
1117 1417 1274 1517 legibus,
1305 1421 1547 1515 promoveatur
1569 1415 1799 1514 agricultura,
1821 1423 2017 1493 mercatura
2038 1423 2075 1492 et
2095 1418 2185 1493 inter

662 1540 824 1616 oultiores
847 1545 970 1640 gentes
993 1537 1257 1626 commercium,
1283 1544 1323 1611 ut
1346 1535 1460 1634 magis
1484 1535 1666 1635 magisque
1688 1535 1820 1610 oolatur
1844 1536 1913 1611 Dei
1935 1537 2186 1638 hominumque

663 1683 776 1751 amor,
801 1667 843 1734 ut
866 1659 1018 1758 denique
1042 1659 1174 1734 alumni
1197 1659 1302 1732 vestri
1325 1655 1531 1732 imbuantur
1556 1656 1599 1731 iis
1618 1655 1828 1756 disoiplinis,
1854 1649 1944 1757 quae
1965 1683 2078 1733 mores
2099 1659 2185 1734 mol-

662 1781 773 1872 liunt,
796 1805 860 1856 nee
888 1780 1009 1856 sinunt
1034 1805 1109 1868 esse
1132 1778 1231 1854 leros.
1284 1779 1390 1853 Hisce
1415 1778 1509 1876 pacis
1529 1777 1662 1852 artibus
1682 1773 1853 1867 colendis,
1878 1785 1914 1852 et
1936 1779 2039 1880 longe
2060 1782 2185 1856 melius

661 1901 844 1976 bominum
865 1901 989 1991 saluti,
1014 1900 1204 2012 commodis
1227 1905 1263 1974 et
1284 1899 1492 1974 utilitatibus
1512 1897 1717 1986 consuletis,
1742 1905 1777 1972 et
1801 1899 1971 1975 vobismet
1993 1899 2078 2000 ipsis
2102 1925 2181 1978 eam

662 2019 887 2095 eoneiliabitis
920 2018 1062 2094 laudem
1097 2024 1133 2092 et
1167 2016 1333 2116 gloriam,
1369 2040 1459 2113 quae
1489 2039 1569 2089 oum
1592 2039 1660 2088 non
1679 2017 1778 2092 inani
1800 2018 1937 2093 notatis
1960 2020 2093 2118 speeie,
2117 2020 2181 2095 sed

659 2163 743 2215 vera
768 2140 984 2215 humanitate
1008 2138 1161 2226 nitatur,
1186 2136 1251 2210 erit
1274 2135 1503 2235 sempiterna,
1527 2135 1564 2209 io
1591 2158 1695 2210 omne
1716 2161 1840 2213 aarum
1863 2139 2041 2216 duraturas

711 2259 773 2334 Nil
804 2268 930 2350 restat,
964 2258 1031 2334 nisi
1061 2267 1101 2333 nt
1130 2257 1227 2356 quod
1259 2257 1333 2358 ipse
1360 2255 1468 2331 habui
1498 2255 1740 2353 imperiumst
1765 2263 1973 2355 potestatem
1997 2260 2064 2334 tibi
2089 2263 2186 2336 etin

663 2386 699 2454 te
733 2379 957 2471 transieram,
993 2377 1192 2474 Clarissima
1227 2375 1471 2452 Rauwenhoff!
1510 2375 1647 2474 qualem
1683 2375 1795 2451 virum
1829 2401 2058 2454 suoeessorem
2098 2381 2185 2455 milri

664 2498 906 2600 designatum,
939 2524 1010 2575 non
1036 2507 1089 2574 est
1113 2524 1218 2598 quem
1246 2524 1420 2576 moneam:
1454 2499 1620 2572 Caveat
1643 2499 1824 2586 Reotor,
1850 2500 2029 2597 nequid
2052 2499 2185 2580 detri-

664 2620 804 2695 menti
827 2621 980 2720 oapiat
1005 2619 1253 2695 Academia.
