4984 6286
818 735 1041 804 lunlcln
1074 733 1338 803 ORDINUM.
1795 733 1837 798 81

312 940 408 1016 omni
437 949 534 1040 parte
560 941 754 1018 illustrarit.
804 940 869 1016 Vel
892 944 941 1017 sic
965 951 1081 1018 tamen
1107 943 1359 1043 Theologorum
1384 941 1479 1016 Ordo
1504 925 1600 1016 hanc
1615 939 1836 1016 Commenta·

312 1061 443 1137 tionem
475 1062 633 1161 egregiae
661 1060 1012 1152 laudistastimonio,
1039 1062 1183 1161 quinat
1207 1070 1391 1163 argenteo,
1417 1057 1837 1159 siitaferrctaugustis·

314 1181 394 1256 sinu
422 1182 530 1280 Regis
553 1181 829 1281 beneplacitum,
854 1204 1000 1256 nummo
1022 1182 1262 1282 dignissimam
1283 1180 1427 1256 censuit.
1479 1181 1700 1279 Quapropter
1718 1187 1836 1254 aucto·

313 1325 387 1376 rem
411 1301 548 1402 publice
570 1301 747 1391 invitarit,
775 1311 813 1376 ot
836 1302 1045 1400 aperiundas
1071 1301 1254 1376 schedulae
1277 1300 1478 1376 facultatem
1502 1298 1713 1374 concederet.
1755 1300 1838 1378 Quo

314 1421 404 1497 iacto
429 1446 555 1496 nomen
581 1421 708 1522 prodiit
733 1421 873 1497 Iuvenis
900 1419 1110 1495 ornatissimi

771 1539 903 1600 ΙΔΟΟΒῙ
920 1537 1104 1598 CORNELII
1121 1535 1382 1606 GEEDHUYSRN,

610 1634 689 1687 ficol.
709 1634 784 1688 ΟΜ.
802 1652 833 1689 aa
847 1637 1036 1688 [adderam
1053 1635 1182 1687 &uicerit
1198 1634 1423 1687 Amatalodanmlr
1439 1633 1540 1693 auno,

316 1723 377 1820 qui
403 1721 508 1796 etiam
534 1745 571 1796 ae
596 1721 701 1797 huius
717 1721 1037 1799 Commentationis
1061 1733 1235 1797 auctorem
1262 1746 1336 1796 esse
1362 1720 1586 1806 habendum,
1614 1718 1697 1793 satis
1721 1740 1838 1816 super·

315 1866 383 1940 qne
407 1841 576 1941 probavit.

1054 2221 1118 2296 V..

753 2430 890 2504 ORDO
917 2431 1403 2506 IURECONSUL'PORUM

312 2664 400 2739 duas
430 2666 476 2740 ad
512 2667 764 2768 disputandum
802 2669 918 2767 posuit
950 2668 1186 2767 quaestiones,
1221 2667 1363 2743 alteram
1387 2669 1430 2742 de
1466 2667 1664 2763 Majeatota'c
1689 2663 1838 2751 iuribus,
1909 2639 1920 2692 ³

311 2783 472 2884 Priamive·
492 2789 665 2886 proprisis,
701 2788 842 2862 alteram
877 2787 922 2861 de
944 2789 1101 2888 Negotiis
1129 2790 1326 2864 Alectors'aa.
1377 2787 1435 2862 Ad
1470 2786 1558 2861 hanc
1590 2784 1680 2861 duae
1713 2782 1838 2856 Ordini

310 2901 445 2979 oblatae
471 2916 554 2981 sunt
577 2908 825 3006 responsiones.

359 3099 457 3174 Prior
483 3100 755 3189 Commentatio,
783 3102 947 3203 insignita
972 3103 1152 3218 lemmate:
1189 3103 1281 3176 nDc'e
1312 3099 1470 3201 erucg
1494 3104 1539 3174 im
1568 3099 1683 3175 Letoa
1707 3100 1756 3172 iat
1779 3099 1838 3172 dcc

314 3222 471 3295 Gecetcet
500 3219 747 3309 protestata?
773 3222 910 3320 plenam
943 3232 978 3296 et
1007 3231 1201 3297 emunctam
1230 3221 1331 3295 offert
1355 3221 1552 3321 argumenti
1576 3217 1837 3316 expositionem.

310 3339 404 3414 Nam
430 3363 498 3414 non
527 3340 637 3414 solum
663 3340 706 3414 de
728 3342 962 3416 contractibus
984 3343 1154 3417 aleatoriis
1177 3343 1213 3415 in
1235 3365 1360 3442 genere
1385 3340 1499 3439 deque
1527 3337 1676 3438 regniis,
1708 3335 1838 3436 quibus

190 3545 192 3548 ,
310 3468 490 3558 reguntur,
519 3459 592 3557 agit
615 3459 779 3558 Scriptor,
806 3463 867 3536 aed
892 3461 995 3537 etiam
1020 3459 1174 3560 singulas
1200 3485 1318 3535 eorum
1351 3461 1481 3558 species
1514 3458 1696 3557 diligenter
1720 3478 1837 3530 recen·

312 3580 380 3652 suit
413 3587 449 3653 at
483 3579 659 3654 enucleate
698 3580 867 3656 tractavit.
918 3581 992 3654 Nec
1020 3590 1135 3655 tamen
1171 3579 1298 3654 desunt
1334 3603 1425 3678 quae
1457 3575 1580 3652 merito
1615 3577 1648 3650 ai
1683 3574 1836 3650 obiicias.

311 3697 467 3773 Primum
492 3700 602 3787 enim,
627 3724 839 3799 quamquam
865 3701 1094 3776 recentiorum
1119 3701 1345 3800 interpretum
1372 3699 1499 3797 scripta
1532 3704 1586 3770 sat
1616 3695 1726 3771 multa
1756 3718 1836 3768 con·

312 3817 476 3906 soluerit,
503 3817 742 3893 desiderantur
767 3827 883 3895 tamen
910 3846 1012 3920 opera
1041 3821 1212 3920 quaedam
1239 3819 1453 3917 antiquiora,
1478 3841 1522 3892 er
1543 3814 1760 3916 philosophia
1782 3814 1836 3887 in·

312 3935 432 4033 primis
453 3937 547 4012 aleae
568 3946 728 4014 naturam
748 3939 974 4029 illustrantia,
1001 3966 1089 4039 quoe
1110 3941 1146 4014 in
1167 3939 1277 4039 patria
1297 3949 1414 4014 nostra
1435 3937 1648 4039 prodierunt.
1684 3935 1838 4024 Deinde,

311 4055 348 4128 in
383 4055 493 4153 priore
522 4055 833 4134 commentationis
858 4059 987 4158 capite,
1024 4060 1283 4158 quaestionem,
1317 4081 1362 4132 an
1392 4057 1543 4132 Romani
1576 4053 1838 4131 assecurationis

310 4185 525 4251 contractum
549 4178 809 4280 cognoverint„
826 4179 951 4254 melius
975 4181 1166 4268 omisisset,
1198 4203 1279 4255 nam
1306 4177 1442 4252 etiamsi
1467 4175 1531 4250 hoc
1557 4182 1650 4249 recta
1680 4179 1839 4271 negetur,

310 4293 391 4368 inde
417 4318 487 4370 non
520 4295 698 4395 probatur,
729 4321 788 4374 eos
815 4299 990 4399 ignorasse
1024 4308 1220 4376 contractus
1255 4297 1454 4384 aleatorios,
1490 4319 1577 4394 quos
1607 4294 1650 4369 irs
1681 4291 1838 4392 cognitos

310 4411 416 4488 tuisse
441 4415 525 4489 satis
546 4423 692 4490 constat.
744 4418 837 4493 Tum
862 4420 966 4494 etiam
1005 4420 1182 4509 definitio,
1208 4443 1315 4519 quam
1348 4416 1471 4492 horum
1497 4421 1736 4490 contractuum
1760 4437 1839 4512 pro·

311 4533 426 4630 posuit
451 4535 616 4635 Soriptm,
642 4537 758 4611 minus
783 4539 961 4637 probanda
988 4539 1135 4629 videtur,
1171 4564 1252 4615 cum
1288 4536 1509 4637 obligationis
1540 4542 1664 4611 natura
1697 4557 1768 4608 non
1792 4533 1837 4609 ab

309 4652 384 4726 eius
406 4677 511 4728 causa
533 4653 703 4753 pendeat,
729 4655 792 4729 scd
817 4658 861 4731 ab
898 4659 973 4733 sius
1004 4659 1150 4733 obiecto.
1199 4658 1379 4733 Postremo
1412 4665 1466 4730 est
1501 4655 1563 4730 ubi
1593 4653 1837 4753 disputationis
1974 4661 1978 4670 '

309 4773 547 4872 perspicuitati
571 4773 666 4850 haud
691 4775 809 4851 leviter
831 4777 956 4852 officiat
980 4779 1122 4853 verbosa
1147 4787 1182 4852 et
1206 4778 1410 4853 inconcinna
1432 4775 1550 4852 oratio.
1602 4772 1709 4854 Quod
1730 4771 1836 4870 inpri-

309 4891 375 4966 mis
396 4893 485 4968 valet
511 4894 554 4967 de
581 4895 707 4998 priore
725 4895 1035 4973 commentationis
1052 4908 1174 4998 parte,
1211 4898 1248 4971 in
1282 4921 1371 4997 qua,
1407 4895 1602 4971 universam
1629 4890 1659 4967 si
1685 4897 1837 4991 spectas,

1599 5015 1643 5085 11
