4984 6286
956 720 1237 795 ORATIO.
1814 725 1856 794 le

217 967 219 974 v
330 930 414 1008 teris
440 953 563 1006 sumus
586 929 699 1020 avidi,
731 937 901 1029 utquam
925 931 1093 1032 plurimos
1116 931 1161 1006 ad
1184 930 1344 1006 militiam
1369 937 1538 1007 armatam
1560 930 1754 1008 incitandos
1779 957 1855 1010 esse

329 1073 558 1129 censeremus.
620 1049 856 1126 Nihilominus
893 1075 956 1152 per
989 1051 1132 1152 triginta
1166 1057 1202 1126 et
1235 1050 1330 1150 quod
1364 1051 1500 1126 excedit
1533 1075 1662 1142 annos,
1700 1051 1858 1130 substitit

330 1173 414 1250 haec
445 1172 501 1268 lex
532 1155 643 1270 Papia
667 1171 846 1271 Poppaea,
880 1197 970 1272 quae
998 1197 1019 1249 a
1048 1173 1286 1248 Romanorum
1309 1195 1351 1246 ee
1373 1177 1511 1247 tantum
1534 1170 1735 1264 differebat,
1760 1173 1857 1274 quod

330 1292 415 1368 haee
445 1289 616 1366 aerarium
650 1289 936 1391 locupletaverat,
972 1292 1059 1368 dum
1092 1301 1231 1381 nostra,
1266 1299 1452 1393 postquem
1477 1291 1671 1368 abundanti
1690 1292 1858 1370 fertilium

329 1419 468 1513 petrum
501 1410 599 1511 copie
633 1411 733 1487 nobis
765 1413 1028 1515 quadringentis
1062 1412 1216 1488 millibus
1253 1413 1473 1502 constiterat,
1507 1413 1632 1488 liscum
1665 1412 1711 1488 ad
1734 1412 1857 1490 incitas

330 1531 539 1632 redegisset,
572 1530 640 1606 nisi
672 1539 751 1632 post
783 1533 894 1609 varios
926 1559 1028 1610 casus
1052 1547 1088 1608 et
1112 1533 1225 1608 multa
1251 1533 1450 1609 discrimina
1472 1557 1589 1608 rerum
1613 1532 1737 1607 fuisset
1757 1532 1857 1609 abro-

328 1660 421 1753 gata.
471 1651 544 1726 Sed
574 1651 659 1727 haec
691 1677 759 1728 non
790 1654 857 1728 nisi
887 1653 1085 1754 pecuniane
1107 1654 1175 1730 fuit
1196 1654 1339 1730 iactura.
1387 1654 1508 1754 longe
1533 1653 1647 1730 maius
1660 1653 1856 1729 detrimen·
1982 1679 1985 1688 ·

331 1782 408 1850 tum
428 1773 584 1873 cepimus
604 1773 649 1848 ab
672 1773 740 1850 alia
763 1774 840 1875 lege
864 1774 1128 1875 Napoleoutica.
1178 1776 1267 1850 Eam
1291 1774 1468 1874 significo,
1501 1797 1591 1873 quae
1615 1773 1857 1874 prohibuerat,

329 1918 373 1968 ne
414 1893 531 1994 plures
565 1917 670 1993 quam
704 1895 829 1996 viginti
866 1895 1025 1971 homines
1059 1895 1130 1969 sive
1162 1895 1318 1994 quotidie
1352 1895 1424 1969 sive
1454 1901 1545 1970 stato
1572 1893 1629 1968 die
1657 1894 1732 1969 sine
1757 1894 1857 1970 venia

330 2013 532 2115 imperantis
567 2014 717 2104 coirent,
754 2014 950 2115 religionis,
989 2014 1117 2090 artium
1150 2001 1372 2091 colendarum
1407 2020 1469 2088 aut
1503 2013 1547 2088 de
1579 2013 1684 2089 rebus
1709 2013 1859 2115 publicis
1941 2115 1943 2120 Ι

333 2135 522 2210 disserendi
557 2159 670 2212 causa,
722 2136 797 2210 Iex
835 2143 956 2236 utpote
989 2160 1148 2212 coercens
1182 2135 1374 2211 naturalem
1413 2133 1562 2209 coeundi
1593 2134 1787 2212 libertatem
1822 2143 1859 2212 et

333 2254 549 2353 tyrannidem
574 2253 749 2343 redolent,
783 2279 845 2354 per
871 2279 907 2330 se
934 2254 1171 2356 vituperanda.
1222 2253 1387 2331 Habebat
1413 2262 1529 2332 tamen
1550 2256 1646 2356 quod
1666 2257 1857 2334 excusatio·

332 2397 411 2448 nem
433 2373 632 2449 merebatur
653 2375 915 2474 reputantibus,
939 2375 991 2452 illi
1018 2375 1079 2476 qui
1098 2400 1176 2452 eam
1201 2375 1347 2466 tulerat,
1373 2374 1418 2451 ob
1439 2377 1556 2452 oculos
1579 2385 1730 2452 versatos
1750 2377 1858 2453 fuisse

329 2499 448 2570 coetus
479 2493 557 2569 illos
591 2500 628 2570 et
663 2485 853 2572 conventus
889 2505 925 2572 et
964 2497 1142 2586 sodalitia,
1180 2495 1310 2595 quibus
1345 2495 1473 2596 perditi
1502 2496 1660 2572 homines
1686 2497 1732 2573 ad
1753 2521 1857 2574 omne

330 2614 467 2691 iccium
486 2615 617 2713 parati,
648 2615 882 2692 concionando
906 2615 1063 2715 quotidie
1090 2615 1227 2718 plebem
1253 2615 1299 2692 ad
1321 2615 1494 2692 tumultus
1516 2622 1552 2690 et
1577 2618 1699 2693 caedes
1721 2616 1857 2694 inflam-

330 2735 486 2811 mabunt
524 2735 575 2808 At
598 2757 677 2810 vero
701 2735 802 2834 longe
830 2735 948 2812 eberat
975 2744 1134 2837 tempus,
1160 2744 1295 2813 mutata
1315 2738 1413 2812 ratio.
1451 2737 1553 2817 Quid
1573 2736 1682 2838 igitur
1702 2743 1856 2814 statuen-

330 2855 416 2929 dam
449 2853 493 2928 de
527 2853 721 2953 legislatore
756 2863 895 2946 nostro,
929 2857 1104 2956 quicum
1141 2857 1174 2931 ei
1207 2881 1261 2932 res
1293 2855 1416 2932 luisset
1444 2881 1526 2934 cum
1556 2858 1686 2958 populo
1717 2858 1855 2957 quieto,

331 2978 452 3072 parato
483 2978 519 3044 et
552 2970 596 3045 ab
629 2973 725 3047 omni
756 2974 924 3049 seditione
964 2974 1188 3066 abhorrente,
1220 2975 1443 3051 nihilomiuus
1469 3001 1530 3078 per
1556 2976 1732 3078 signitiem
1758 3001 1859 3052 suam

330 3115 452 3194 passus
485 3099 558 3180 est,
593 3099 633 3166 ut
661 3075 763 3168 istius
797 3093 884 3192 legis
919 3103 1065 3195 optentu
1089 3094 1265 3185 homines,
1290 3095 1409 3195 quiin
1433 3095 1571 3172 nudum
1595 3097 1707 3173 scelus
1735 3123 1772 3172 se
1795 3097 1857 3174 ob·

333 3210 571 3303 strinxissent,
605 3211 674 3288 uisi
697 3211 793 3312 quod
815 3213 931 3290 Deum
957 3239 1038 3289 suo
1065 3239 1185 3290 more
1211 3215 1394 3290 colendum
1422 3239 1497 3292 esee
1519 3215 1757 3292 existimarent
1779 3217 1857 3317 qui·

332 3357 400 3433 que
433 3356 503 3408 non
533 3332 667 3408 occulte
699 3359 738 3410 aa
769 3358 830 3434 per
867 3341 1004 3410 noctem
1031 3335 1132 3434 quasi
1156 3335 1302 3411 Bacchis
1326 3334 1561 3427 initiarentur,
1592 3337 1654 3412 sed
1679 3337 1794 3437 pelam
1818 3363 1858 3414 ao

333 3453 399 3529 rub
437 3453 495 3528 dio
528 3454 733 3554 precationis
754 3454 909 3530 earmina
931 3480 995 3531 suo
1015 3455 1086 3530 ritu
1111 3455 1316 3546 funderent,
1342 3463 1463 3555 utpote
1491 3456 1645 3532 seditiosi
1667 3483 1708 3534 ao
1730 3458 1858 3535 lerine-

330 3574 400 3650 mei
429 3574 467 3650 in
500 3574 556 3650 ius
589 3583 808 3680 raperentur,
835 3575 1106 3666 mulctarentur,
1131 3584 1167 3650 et
1189 3575 1226 3650 ni
1247 3576 1417 3651 solverent
1437 3574 1475 3650 in
1498 3599 1668 3652 carcerem
1695 3575 1857 3652 detrude·

334 3701 466 3770 rentur:
515 3693 643 3770 Utrum
676 3695 769 3772 hisce
800 3694 921 3796 poenis
950 3694 1167 3796 infligendis,
1199 3719 1365 3771 numerus
1395 3721 1514 3774 eorum
1546 3698 1608 3798 qui
1639 3697 1721 3773 hnic
1745 3705 1857 3776 sectae

335 3815 473 3890 lucrant
493 3813 643 3905 addicti,
668 3814 713 3892 ab
734 3842 775 3891 eo
795 3816 878 3891 inde
901 3823 1054 3916 tempore
1081 3816 1275 3892 diminutus
1297 3817 1422 3908 fuant,
1447 3816 1516 3918 ipsi
1538 3817 1736 3896 iudicatote.
1774 3819 1855 3895 Isti·

335 3934 472 4011 mmodi
501 3959 579 4011 vem
607 3959 737 4036 poenae
757 3936 869 4037 infligi
893 3937 1046 4037 potuisse
1072 3937 1133 4028 iis,
1157 3963 1306 4037 quorum
1329 3937 1471 4015 unicum
1490 3937 1619 4014 crimen
1644 3946 1738 4028 erat,
1760 3939 1855 4038 quod

334 4055 476 4131 erimine
512 4063 668 4132 carerent
693 4055 800 4155 idque
821 4055 857 4130 in
881 4058 992 4157 patria
1016 4066 1131 4133 nostra
1154 4065 1234 4133 ante
1259 4059 1325 4133 tria
1348 4059 1462 4134 secula
1487 4057 1655 4134 libertatis
1676 4057 1855 4157 religiosae

334 4175 496 4266 fautrice,
522 4175 605 4252 setis
629 4175 839 4276 abundeque
864 4176 1008 4277 probat,
1032 4201 1138 4277 quam
1167 4200 1286 4253 verum
1312 4178 1358 4254 sit
1378 4178 1416 4252 id
1436 4178 1531 4278 quod
1553 4178 1622 4253 dici
1648 4177 1756 4272 solet,
1776 4178 1855 4278 plus

336 4296 521 4396 aliquando
555 4297 727 4388 societati,
762 4298 865 4398 eulpa
901 4306 938 4373 et
975 4297 1206 4399 negligentia,
1242 4322 1349 4397 quam
1385 4323 1446 4399 per
1482 4297 1601 4374 dolum
1634 4305 1670 4374 et
1696 4297 1856 4375 fraudem

336 4417 449 4494 offeni
473 4417 685 4518 praeiudicii.
874 4419 878 4430 '

384 4657 491 4737 Quod
529 4658 560 4733 si
593 4682 635 4734 ea
669 4681 758 4758 quae
794 4659 996 4750 nummus,
1032 4659 1127 4736 haud
1159 4657 1431 4758 improbabiliter
1461 4664 1544 4734 eunt
1576 4656 1772 4758 disputata,
1805 4657 1855 4734 sic

334 4775 422 4852 forte
458 4779 537 4878 quis
575 4787 737 4879 quaeret,
773 4801 895 4854 rerum
930 4803 1005 4856 esse
1043 4803 1113 4856 non
1152 4786 1286 4880 potest,
1319 4777 1358 4852 id
1382 4803 1404 4853 a
1428 4802 1499 4877 quo
1524 4777 1665 4855 initium
1687 4777 1853 4870 lecimus,

336 4921 462 4999 nempe
481 4899 637 4976 cuiusvis
656 4898 776 5000 populi
798 4907 959 4976 naturam
978 4906 1014 4976 et
1033 4897 1186 4976 indolem
1206 4897 1337 4998 optime
1356 4921 1399 4974 ex
1421 4897 1497 4974 cius
1518 4897 1655 5000 legibus
1665 4897 1856 5064 pogucscil

1634 5021 1658 5092 e
