4984 6286
630 717 675 785 54
1077 719 1113 786 B.
1146 719 1170 782 l.
1200 718 1438 784 LINTELO
1468 719 1532 782 DE
1562 717 1711 785 Gonu.

635 950 741 1024 quam
768 926 824 1002 hio
858 924 931 998 dies
965 923 1215 1011 anniversarius
1251 926 1355 1002 huius
1391 923 1597 1002 Academiae
1626 925 1778 1023 postulat
1815 933 1850 1000 et
1886 924 2041 1022 requirit.
2091 926 2156 1001 Est

521 1119 526 1128 ,
634 1070 713 1122 vero
749 1044 831 1119 haec
866 1067 981 1118 rerum
1009 1042 1238 1120 humanarum
1267 1047 1485 1134 vicissitudo,
1520 1054 1560 1119 ut
1591 1046 1681 1119 mala
1706 1045 1805 1120 bonis
1827 1044 2011 1132 varientur,
2044 1044 2155 1121 tristia

634 1164 749 1253 laetis,
774 1164 838 1238 hoc
860 1163 976 1263 ipsum
999 1171 1116 1238 nostra
1147 1166 1261 1241 schola
1286 1193 1379 1242 nuno
1403 1175 1543 1266 experta
1568 1173 1631 1240 est.
1684 1165 1722 1236 Si
1745 1165 1838 1239 enim
1861 1165 1946 1238 mihi
1969 1164 2155 1239 dicendum

634 1284 698 1358 erit
731 1284 774 1358 do
808 1284 869 1373 iis,
903 1308 990 1382 quos
1014 1284 1267 1376 desideramus,
1305 1289 1334 1362 si
1370 1312 1447 1363 cara
1476 1286 1588 1384 capito
1624 1284 1723 1358 nobis
1748 1293 1864 1382 erepta
1900 1292 2002 1371 sunt,
2037 1284 2080 1357 de
2113 1284 2155 1360 iis

635 1429 773 1503 quoque
795 1405 882 1478 milri
903 1405 1089 1479 dicendum
1113 1406 1196 1495 erit,
1222 1408 1283 1505 qui
1310 1408 1354 1482 ad
1379 1433 1440 1482 nos
1467 1405 1660 1492 venientes,
1686 1428 1805 1479 eorum
1834 1405 1923 1479 vices
1953 1403 2153 1492 subierunt,
2240 1465 2266 1510 Ι.

636 1525 666 1598 si
695 1524 750 1598 hic
774 1525 866 1614 dies,
891 1549 955 1599 nec
977 1525 1087 1600 laetus
1107 1549 1171 1598 nec
1190 1527 1300 1602 festus
1326 1536 1365 1602 ut
1386 1535 1487 1615 ants,
1512 1533 1643 1602 annum
1666 1525 1773 1597 tristis
1800 1525 1983 1598 memoriae
2005 1523 2153 1614 claudit,

635 1644 730 1718 idem
754 1653 870 1719 tomen
894 1668 991 1740 spem
1016 1644 1098 1718 lacit
1122 1645 1166 1719 de
1193 1647 1324 1722 meliori
1350 1673 1452 1740 aevo,
1484 1671 1553 1746 quo
1579 1652 1695 1718 nostra
1722 1644 1837 1719 schola
1872 1645 1991 1717 florere
2014 1655 2153 1743 perget,

638 1775 674 1840 et
707 1773 785 1863 post
818 1761 939 1840 nubila
969 1761 1037 1838 iam
1072 1765 1133 1839 lux
1169 1767 1309 1858 orietur,
1349 1792 1418 1866 quo
1436 1763 1545 1840 'bellis
1575 1763 1773 1864 compositis
1806 1789 1874 1864 pax
1910 1762 1985 1837 orbi
2020 1764 2154 1838 reddita

637 1893 726 1960 artes
752 1893 786 1958 et
811 1885 1007 1985 disciplinas
1030 1885 1169 1960 fovebit.
1281 1905 1283 1912 ·

688 2001 744 2077 De
765 2003 865 2078 malis
893 2010 928 2077 et
951 2004 1066 2094 bonis,
1101 2001 1144 2078 de
1166 2003 1317 2080 adversis
1341 2015 1376 2079 et
1406 2005 1502 2080 laetis
1526 2001 1633 2103 igitur
1648 2028 1736 2102 quae
1750 1999 1956 2077 Academiae
1981 2001 2045 2075 hoo
2066 2026 2155 2076 anno

639 2133 826 2198 evenerunt
848 2148 959 2198 sermo
982 2150 1081 2199 meus
1104 2125 1274 2199 tractabit.
1299 2124 1383 2216 Vos,
1404 2125 1588 2213 auditores,
1603 2124 1685 2197 boni
1707 2105 1899 2196 consulatis·
1914 2122 2155 2210 narrationem,

640 2268 729 2342 quae
751 2267 820 2318 non
844 2243 888 2318 ab
911 2253 1035 2318 ornatu
1059 2239 1121 2319 aut
1147 2245 1337 2344 elegantia,
1367 2241 1428 2318 sed
1454 2271 1474 2320 a
1494 2239 1712 2341 simplicitate
1732 2251 1869 2317 tantum
1892 2241 1959 2315 sibi
1981 2267 2156 2317 commen·

639 2362 813 2438 dationem
840 2362 985 2462 quaerit.

1379 2601 1407 2686 l

687 2836 801 2908 Nemo
824 2843 992 2926 vestrum,
1018 2839 1220 2926 Auditores,
1254 2839 1317 2911 hoo
1343 2839 1518 2936 ingressus
1543 2844 1595 2910 est
1618 2837 1829 2912 auditorium
1865 2848 1925 2912 aut
1960 2837 2052 2911 huno
2075 2862 2155 2936 sug·

638 2967 777 3054 gestum
804 2955 962 3053 adspexit
988 2957 1087 3030 ouius
1111 2982 1180 3032 non
1211 2969 1291 3032 ante
1315 2957 1432 3031 oculos
1470 2957 1569 3054 quasi
1606 2957 1752 3031 surrexit
1786 2957 1902 3056 imago
1926 2955 2049 3055 optimi
2075 2956 2155 3045 viri,

639 3098 743 3172 quem
758 3097 878 3148 omnes
893 3075 1149 3164 desideramus,
1176 3101 1278 3174 quern
1301 3101 1345 3150 ex
1369 3076 1526 3150 hocloco
1550 3075 1651 3150 hodia
1675 3077 1794 3150 audire
1817 3077 1989 3152 dicentem
2009 3075 2155 3174 speravi·

639 3217 737 3280 mus,
762 3214 867 3288 quern
891 3191 959 3264 sibi
979 3201 1136 3290 ereptum
1153 3194 1220 3267 iam
1247 3193 1344 3291 luget
1353 3193 1552 3268 Academia.
1588 3196 1685 3272 Quid
1708 3196 1803 3294 prius
1822 3197 1930 3295 igitur
1951 3221 2156 3285 memorem,

639 3333 745 3409 quarn
768 3308 942 3408 Miquallii
966 3321 1112 3386 mortem
1136 3313 1227 3386 inter
1248 3335 1288 3387 ea
1314 3337 1403 3411 quae
1424 3313 1536 3387 tristia
1565 3314 1619 3388 hio
1647 3341 1758 3390 annus
1783 3316 1883 3390 nobis
1912 3317 2039 3392 attulit.
2090 3317 2157 3390 Oo-

639 3429 823 3529 gnovirnus
851 3453 971 3504 omnes
996 3431 1108 3506 virum
1131 3440 1167 3506 et
1182 3431 1383 3508 amavimus.
1418 3434 1591 3508 Pertinuit
1614 3435 1659 3509 ad
1681 3459 1774 3510 raros
1792 3435 1868 3510 illos
1883 3437 2064 3527 mortales,
2081 3437 2155 3534 qui·

639 3551 706 3624 bus
727 3557 851 3626 natura
874 3551 1041 3650 singulari
1065 3553 1216 3650 quadam
1239 3552 1443 3627 liberalitate
1464 3579 1527 3628 suo
1549 3555 1639 3629 dona
1662 3555 1837 3630 cumulare
1859 3557 1977 3632 voluit.
2026 3557 2158 3632 Felices
2267 3583 2270 3589 ·

640 3669 769 3768 quibus
796 3677 849 3744 tot
874 3678 909 3744 st
931 3679 1028 3745 tanta
1054 3673 1269 3771 contigerint.
1302 3675 1399 3747 Inter
1424 3699 1464 3748 ea
1486 3675 1551 3748 hoc
1574 3674 1723 3773 primum
1754 3700 1931 3751 numerem
1956 3677 2050 3774 quod
2074 3675 2158 3751 tales

639 3797 798 3890 parentes
827 3797 950 3866 nactus
979 3790 1083 3865 fuerit
1115 3818 1212 3890 puer,
1248 3794 1310 3892 qui
1341 3795 1449 3867 animi
1473 3793 1673 3893 ingeniique
1705 3796 1803 3870 dotes
1840 3795 1905 3869 rite
1937 3795 2088 3882 excolere
2123 3802 2158 3867 et

641 3911 731 3984 bene
756 3910 940 3985 informare
964 3913 1074 4009 parati
1095 3912 1206 3984 filium
1230 3911 1276 3985 ad
1301 3936 1421 4000 omne,
1447 3912 1542 4010 quod
1566 3913 1698 3988 bonurn
1721 3925 1774 3988 est
1798 3921 1833 3988 et
1857 3913 2053 4003 honestum,
2074 3913 2157 3986 inci·

641 4038 769 4106 tarunt.
819 4031 994 4129 Apparuit
1022 4032 1146 4106 deinde
1170 4031 1206 4104 in
1228 4030 1303 4119 illo,
1329 4039 1498 4130 quantum
1527 4033 1637 4107 voleat
1668 4034 1705 4106 in
1730 4033 1913 4106 liberorum
1941 4031 2159 4107 institutione

641 4157 824 4248 parentum
848 4151 1059 4250 exemplum.
1110 4151 1247 4225 Patrem
1273 4150 1395 4226 habuit
1416 4152 1550 4248 Miquel
1575 4175 1617 4225 ex
1642 4151 1754 4226 Galba
1778 4151 1984 4239 oriundum,
2012 4152 2072 4225 sed
2096 4151 2157 4250 qui

642 4269 846 4345 Monosterii
868 4279 973 4345 natus
999 4271 1175 4368 literarum
1209 4267 1428 4367 antiquarum
1464 4270 1620 4343 studium
1645 4294 1724 4345 cum
1752 4271 1903 4344 medicae
1934 4271 2017 4343 artis
2043 4294 2158 4345 amore

644 4399 780 4464 mature
810 4390 1043 4467 coniunxerat.
1093 4391 1218 4465 Multis
1241 4389 1308 4464 ille
1321 4389 1468 4487 negotiis
1494 4389 1683 4478 distentus,
1717 4413 1809 4466 nunc
1838 4415 1957 4489 aegros
1990 4390 2155 4464 auxilium

642 4509 865 4608 implorantes
897 4511 1060 4599 curabat,
1100 4535 1194 4595 nunc
1229 4510 1326 4584 urbis
1361 4516 1396 4583 et
1429 4508 1556 4584 civium
1589 4509 1818 4607 prospiciebat
1849 4508 1952 4584 saluti
1989 4519 2024 4582 et
2059 4507 2158 4584 variis

644 4628 847 4704 muneribus
867 4628 1034 4727 fungens,
1059 4630 1242 4705 liberorum
1275 4638 1389 4704 tamen
1415 4629 1609 4703 educationi
1627 4629 1702 4729 ipso
1725 4629 1884 4703 lubenter
1908 4628 2061 4705 vacabat.
2101 4627 2158 4702 Ab

645 4750 710 4824 hoo
735 4749 806 4824 viro
832 4749 925 4823 filius
951 4773 1021 4825 non
1048 4759 1184 4825 tantum
1207 4751 1352 4849 primam
1378 4751 1594 4849 antiquitatis
1625 4749 1857 4848 cognitionem
1880 4748 2041 4822 traditam
2065 4771 2158 4822 aceo·

645 4872 714 4970 pit,
740 4871 802 4945 sod
836 4871 979 4948 Latinos
1003 4878 1039 4944 et
1073 4873 1222 4946 Graecos
1255 4872 1434 4970 scriptores
1465 4896 1603 4972 quoquc
1625 4870 1816 4969 intelligere
1840 4875 1874 4942 et
1901 4869 2020 4968 magni
2051 4867 2160 4942 facere
