4984 6286
845 763 1228 833 NAllllA'llO.
1754 765 1798 833 5⁴1

269 972 469 1063 scientiam,
493 997 600 1073 quam
623 972 743 1072 magni
765 973 875 1048 lacere
895 973 1074 1061 didicerat,
1094 994 1231 1072 semper
1252 972 1384 1047 naviter
1400 971 1526 1062 coluit,
1551 973 1794 1049 etstudiorum

268 1093 402 1169 fructos
421 1100 457 1168 et
476 1119 559 1169 mox
590 1103 626 1168 et
657 1103 777 1194 postea
807 1093 917 1169 edidit
952 1092 1177 1168 uberrimos·
1205 1090 1275 1166 Vix
1296 1092 1341 1166 ab
1368 1092 1557 1168 Academia
1581 1092 1792 1182 decesserat,

270 1238 400 1314 quum,
425 1238 505 1289 cum
533 1223 752 1314 praeceptore
775 1237 840 1289 van
875 1212 978 1302 Hall,
1013 1213 1131 1286 floram
1155 1210 1268 1310 Belgii
1289 1211 1576 1310 septemtrionalis
1596 1213 1641 1287 ab
1673 1239 1714 1289 eo
1737 1213 1795 1289 edi

270 1341 427 1435 coeptam
446 1335 662 1410 continuaret
679 1333 785 1434 idque
810 1341 928 1433 ageret
951 1330 1031 1407 licet
1055 1330 1185 1406 difficili
1205 1329 1340 1405 medica
1362 1331 1460 1431 praxi
1480 1341 1715 1432 occuparetur.
1750 1335 1794 1410 In

271 1453 479 1530 Nosooomio
516 1455 609 1529 onim
643 1454 738 1554 quod
770 1461 867 1529 extra
898 1477 1017 1528 muros
1041 1451 1295 1527 Amstelodami
1319 1451 1427 1526 situm
1451 1458 1504 1525 est
1528 1475 1589 1552 per
1614 1451 1795 1528 ducalem

271 1600 378 1651 annos
410 1573 504 1650 solus
528 1583 747 1674 aegrotorum
769 1599 888 1650 curem
912 1573 1074 1672 suscepit.
1126 1571 1219 1647 Hinc
1241 1596 1332 1648 anno
1352 1570 1524 1646 tricesimo
1546 1570 1669 1672 quinto
1691 1572 1797 1648 huius

272 1695 398 1772 saeculi
434 1703 597 1770 arcuatus
629 1695 717 1787 luit,
753 1704 793 1770 ut
831 1692 1057 1770 Roterodami
1094 1692 1290 1767 botanicam
1320 1701 1355 1766 et
1393 1692 1571 1768 historiam
1602 1692 1795 1768 naturalem

273 1814 568 1914 doceret,.ibique
591 1839 652 1915 per
682 1815 842 1890 undecim
866 1838 976 1903 annos
1003 1813 1137 1887 scholae
1160 1811 1301 1886 clinicae
1324 1821 1528 1888 ornamento
1554 1811 1633 1887 luit.
1683 1813 1797 1888 Grave

271 1945 307 2011 et
339 1935 477 2010 difficile
512 1959 661 2024 munus,
697 1935 733 2008 in
770 1960 840 2034 quo
871 1942 986 2033 partes
1020 1933 1171 2031 suscepit
1201 1933 1382 2024 clarissimi
1415 1933 1458 2008 de
1486 1931 1628 2022 Vriese,
1663 1931 1725 2030 qui
1751 1931 1797 2007 sd

271 2054 492 2131 Athenaeum
538 2055 670 2130 illustre
712 2054 1035 2130 Amstelodamense
1069 2053 1209 2128 abierat.
1268 2053 1425 2127 Accessit
1459 2078 1540 2127 mor
1571 2052 1622 2126 ibi
1657 2077 1797 2152 quoqne
1928 2105 1932 2110 -

271 2175 460 2250 multorum
485 2175 738 2274 aegrotantium
765 2199 867 2264 cura,
893 2173 954 2273 qui
979 2172 1135 2272 qnotidie
1156 2173 1325 2249 auxilium
1346 2174 1421 2248 eius
1444 2174 1686 2274 implorabant.
1722 2175 1796 2250 Ha·

272 2295 352 2370 huit
386 2285 513 2369 steni'ru
550 2295 687 2394 Miquel
718 2318 777 2370 eas
810 2294 918 2370 animi
952 2295 1071 2382 dotes,
1105 2293 1234 2394 quibus
1260 2294 1407 2394 quisque
1432 2317 1469 2368 se
1492 2294 1582 2368 trahi
1607 2294 1797 2384 sentiebat,

272 2439 349 2490 eam
383 2413 594 2504 doctrinam,
630 2415 870 2516 autquinque
907 2415 1054 2490 fidenter
1085 2439 1122 2488 se
1156 2439 1307 2513 suosque
1334 2413 1533 2515 permittere
1562 2413 1672 2490 vellet.
1722 2415 1798 2490 Neo

274 2542 389 2610 tamen
421 2533 576 2609 docendo
611 2535 797 2634 discipulos
829 2545 865 2612 et
896 2546 1052 2635 aegrotos
1080 2535 1233 2610 curando
1259 2559 1296 2608 se
1324 2561 1345 2608 a
1371 2533 1495 2608 studiis
1518 2533 1651 2608 avocari
1674 2559 1798 2632 passus

273 2645 336 2732 est.
386 2654 509 2728 Edidit
541 2662 619 2730 tum
659 2680 762 2731 suum
800 2680 889 2755 opus
919 2656 963 2729 de
998 2656 1125 2754 plantis
1159 2655 1334 2730 venenatis
1360 2653 1493 2754 patriae
1522 2661 1679 2742 nostrae,
1703 2653 1799 2752 quod

272 2774 413 2873 publice
433 2776 714 2851 commendatum
735 2779 810 2866 est,
838 2799 907 2874 quo
928 2776 1063 2874 regium
1085 2800 1213 2850 manns
1235 2785 1270 2850 et
1291 2774 1430 2849 laudem
1451 2773 1641 2872 peritorum
1661 2773 1798 2848 meruit.

278 2892 336 2966 Sic
362 2892 587 2968 Roterodami
613 2893 697 2966 vixit
725 2893 845 2968 multis
868 2892 1041 2968 distentus
1064 2894 1231 2993 negotiis,
1256 2893 1457 2991 discipulis,
1482 2893 1649 2993 aegrotis,
1675 2893 1800 2969 studiis

274 3035 377 3086 omne
400 3019 539 3111 tempus
564 3013 684 3087 sedulo
706 3014 921 3113 impendens.
955 3013 1013 3089 Sic
1039 3014 1133 3088 enim
1162 3014 1388 3090 aestimabat:
1415 3013 1516 3089 illuns
1542 3012 1684 3088 demum
1711 3012 1799 3086 bene

276 3131 344 3204 vita
367 3153 472 3204 usum
496 3131 558 3229 qui
583 3156 652 3205 non
679 3130 747 3207 sibi
773 3132 835 3207 sed
859 3130 935 3206 aliis
961 3140 996 3205 et
1024 3132 1198 3208 doctrinae
1226 3133 1376 3218 uixisset.

325 3251 417 3325 Cum
448 3250 660 3327 clarissimus
687 3253 731 3327 de
755 3250 875 3328 Vrisse
905 3253 941 3328 in
967 3252 1192 3328 Academiam
1214 3253 1576 3351 huardum-Batauam
1601 3253 1800 3344 transisset,

275 3370 608 3447 Amstelodamensis
645 3371 817 3447 Athenaei
852 3373 1036 3449 Curatores
1072 3373 1116 3447 de
1153 3397 1346 3448 successore
1386 3370 1600 3471 designando
1635 3396 1705 3446 non
1738 3371 1801 3447 diu

276 3491 493 3568 dubitarunt.
548 3493 664 3571 Quem
696 3493 812 3592 potius
845 3493 1010 3591 eligerent
1042 3519 1147 3594 qoam
1169 3493 1269 3567 illum
1293 3493 1354 3591 qni
1376 3498 1457 3567 ante
1479 3490 1703 3566 Roterodami
1725 3492 1800 3567 eius

275 3619 390 3712 partes
422 3611 602 3686 subierat?
642 3613 698 3687 Sic
728 3613 856 3712 Miqucl
880 3614 926 3689 ad
952 3615 1169 3689 Athenaeum
1197 3611 1374 3688 Professor
1399 3610 1577 3687 botanioae
1601 3620 1637 3687 et
1658 3611 1799 3686 medici·

275 3757 340 3807 nse
355 3732 584 3808 vocatusfuit.
616 3733 772 3808 Similem
795 3735 1009 3810 vocationem
1033 3743 1134 3810 antea
1155 3739 1331 3833 acceperat
1352 3733 1398 3806 ad
1419 3731 1639 3807 Athenaeum
1662 3732 1799 3807 Daren·

275 3851 412 3928 triense.
440 3851 541 3926 Hanc
565 3852 805 3943 declinaverat,
828 3880 922 3930 nunc
941 3856 1067 3929 iterum
1090 3880 1216 3954 negare
1236 3853 1357 3928 noluit.
1380 3851 1486 3926 Venit
1497 3849 1798 3926 Amstelodamum

278 3977 314 4045 et
337 3995 428 4046 anno
447 3971 712 4070 quadragesimo
740 3981 837 4047 serto
859 3973 1104 4073 professionem
1130 3974 1300 4071 suscepit,
1327 3972 1446 4047 habits
1468 3970 1606 4071 publice
1625 3971 1796 4046 oratione:

277 4093 444 4188 deraque
468 4093 709 4191 cepetodils's'n
734 4093 1064 4192 tellun'sssperficie
1090 4095 1250 4166 mutanda
1278 4095 1413 4191 efficaci.
1470 4091 1576 4165 Nunc
1603 4098 1698 4164 totus
1724 4097 1797 4162 stu·

278 4209 344 4285 diis
381 4210 492 4285 sisere
523 4211 655 4309 potnit,
690 4211 808 4312 illique
844 4237 881 4286 ss
910 4212 992 4287 dare
1024 4211 1206 4301 scientiae,
1245 4211 1302 4286 cui
1340 4211 1376 4284 in
1406 4209 1528 4309 primis
1556 4207 1661 4284 vitam
1686 4208 1798 4284 dicare

277 4332 481 4409 decreverat.

327 4451 384 4526 Ne
420 4457 537 4526 tamen
573 4451 722 4551 putetis,
759 4453 967 4541 Auditores,
1004 4477 1085 4527 eum
1120 4475 1157 4525 se
1192 4475 1274 4525 oum
1306 4450 1403 4524 libris
1435 4449 1508 4524 suis
1537 4456 1572 4525 et
1599 4450 1726 4549 plantis
1753 4450 1797 4524 ab

279 4570 459 4646 hominnm
495 4570 656 4646 societate
691 4581 727 4646 et
766 4573 836 4647 vita
865 4571 1004 4672 publica
1037 4578 1212 4646 remotum
1244 4570 1434 4646 seclusisse.
1484 4569 1582 4643 Nihil
1611 4569 1723 4668 magis
1751 4570 1796 4643 ab

280 4692 354 4768 eius
380 4693 535 4768 moribus
556 4700 592 4768 et
614 4693 755 4793 ingenio
777 4693 931 4770 alienum
951 4705 1035 4768 erat.
1085 4693 1242 4768 Proiecto
1264 4691 1351 4766 nihil
1374 4691 1518 4765 humani
1541 4715 1561 4763 a
1581 4713 1617 4764 se
1644 4689 1796 4763 alienum

278 4814 437 4912 putabat.
488 4815 636 4892 Quoties
668 4815 830 4915 prodesse
868 4814 944 4889 aliis
976 4821 1092 4913 posset
1124 4811 1299 4901 doctrina,
1332 4819 1393 4886 aut
1416 4809 1557 4886 consilio
1585 4831 1797 4908 quemquam

279 4933 416 5024 iurare,
435 4940 576 5032 paratus
596 4943 669 5009 erat
689 4959 753 5010 nec
775 4933 987 5009 detrectabat
1011 4932 1216 5008 molestiam.
1239 4931 1345 5010 Quod
1366 4931 1495 5006 bonum
1519 4934 1593 5004 erat
1613 4937 1675 5005 aut
1695 4927 1798 5003 saluti

1585 5047 1608 5123 8
