4984 6286
918 741 1196 817 onusto.
1779 748 1825 820 d'l

294 955 440 1045 dixerit,
464 954 541 1054 ipse
563 954 732 1054 proberit.
783 955 963 1030 Noeturns
993 955 1186 1054 diurnoqu
1215 979 1322 1032 manu
1343 962 1444 1053 poete
1466 957 1615 1032 Greeoos
1638 957 1822 1058 scriptores

293 1086 331 1152 et
353 1084 472 1175 poetes
501 1084 709 1164 ιιιειιιοιιι,
735 1067 781 1148 eb
810 1073 853 1148 iis
882 1073 1137 1150 humanitatem
1169 1087 1205 1150 et
1239 1075 1445 1173 elegantium
1472 1074 1659 1166 didieuet,
1683 1077 1732 1154 sio
1758 1103 1822 1156 no·

296 1221 376 1272 men
400 1195 467 1270 sibi
489 1195 703 1293 gloriamque
726 1192 907 1292 requisivit
932 1201 1146 1292 perpetuom.
1184 1196 1267 1268 Itu
1289 1204 1324 1268 et
1345 1220 1488 1294 sequere
1511 1197 1586 1272 eius
1610 1199 1819 1298 exemplum,

296 1319 476 1417 scriptores
515 1321 666 1403 veteres,
704 1313 740 1387 in
777 1313 905 1411 quibus
937 1314 1049 1388 omnis
1090 1314 1316 1389 humanitatis
1356 1315 1432 1390 fons
1471 1323 1525 1389 est
1562 1324 1596 1390 st
1636 1321 1822 1419 exemplet,

297 1437 417 1514 sedulo
440 1434 648 1540 investigere
676 1458 818 1533 perges,
843 1444 952 1508 artem
976 1460 1093 1509 eorum
1121 1442 1157 1509 et
1182 1435 1297 1510 studio
1325 1435 1497 1524 illustres,
1522 1443 1562 1509 ut
1588 1445 1704 1512 nostre
1729 1448 1823 1514 setes

297 1581 419 1632 eorum
438 1555 605 1632 insistens
633 1554 786 1653 vestigiis
813 1555 859 1630 eb
884 1554 927 1628 iis
961 1555 1071 1629 deut
1096 1580 1165 1654 que
1198 1556 1254 1630 vie
1283 1555 1576 1654 progrediendum
1607 1557 1672 1646 sit,
1705 1557 1735 1632 ei
1765 1583 1824 1635 eos

297 1675 478 1764 semuhri,
506 1683 570 1750 ent
591 1699 751 1774 superero
765 1673 857 1750 velit.
891 1674 1085 1750 ostendisti
1104 1683 1140 1750 te
1161 1677 1376 1764 modestum,
1402 1676 1625 1766 industrium,
1648 1677 1826 1756 literarum
1888 1687 1891 1692 ’

298 1821 415 1874 smore
435 1796 654 1896 flagrantem,
682 1794 776 1870 bend
800 1794 1012 1892 imperitum.
1064 1795 1166 1888 Heus
1203 1796 1341 1870 leudem
1372 1795 1438 1870 tibi
1472 1821 1578 1874 serre.
1630 1797 1730 1872 Feliu
1763 1798 1854 1897 qui'

298 1943 374 1994 erm
411 1917 586 1992 tumuerit.
637 1913 698 1990 ste
727 1921 915 2012 paternum
950 1939 1077 1990 nomen
1109 1939 1245 2013 semper
1275 1925 1371 1990 tuere
1407 1923 1443 1990 et
1477 1924 1654 2016 soeeptem
1686 1919 1828 1996 leudem

300 2039 466 2114 eoufirme
489 2045 526 2111 et
551 2059 653 2132 euge.

931 2195 1202 2212 m

350 2393 421 2479 Tu,
444 2390 661 2466 ornatissime
688 2390 822 2487 Teimo,
854 2389 923 2463 inm
949 2387 1018 2463 hur
1044 2391 1169 2464 eooede
1187 2370 1230 2464 'ut
1255 2389 1319 2464 tibi
1337 2390 1531 2488 proemium
1557 2390 1710 2482 tradem,
1736 2392 1831 2490 quod

303 2513 367 2587 tibi
403 2512 615 2587 medicorum
646 2511 731 2585 ordo
763 2509 923 2584 decrerit.
974 2509 1063 2584 Eoos
1089 2509 1283 2609 proemium
1317 2510 1383 2583 tibi
1410 2511 1644 2601 deminutum,
1670 2512 1830 2611 peiorum

302 2640 415 2706 estet
439 2655 604 2722 aureum,
637 2630 802 2704 honorem
836 2629 942 2704 babet
965 2636 1000 2703 et
1024 2629 1189 2727 glum,
1223 2629 1360 2728 quelenr
1396 2630 1551 2706 doctrine
1585 2632 1667 2706 dere
1704 2633 1833 2732 possit,

304 2753 367 2826 sed
392 2775 446 2825 ers
469 2749 628 2824 saluteris
654 2774 762 2847 quem
787 2756 934 2836 treetee,
960 2748 1055 2823 eliud
1078 2749 1190 2823 meins
1213 2749 1280 2822 tibi
1300 2750 1472 2848 promittit
1496 2757 1690 2850 praeberes,
1717 2751 1747 2826 si
1772 2752 1833 2827 do·

304 2873 394 2948 iores
417 2871 598 2945 bominum
621 2869 798 2956 minuere,
826 2868 964 2943 morbos
990 2891 1110 2944 sonere
1134 2867 1200 2942 tibi
1225 2870 1420 2968 eontigerit.
1472 2871 1551 2946 Hoe
1578 2870 1771 2970 preeminm
1798 2877 1835 2946 te

304 2992 445 3079 inritet,
472 2999 514 3064 ut
532 2998 642 3064 ortem
662 2988 795 3063 noviter
813 2987 924 3062 eolere
945 3013 1069 3087 perges
1092 2988 1128 3062 in
1152 2988 1333 3064 bominum
1357 2990 1513 3067 selutem.
1549 2991 1684 3066 Multos
1703 3013 1836 3082 serves,

307 3111 425 3188 multis
450 3109 663 3210 prusinum
684 3108 751 3182 tibi
776 3107 857 3182 felir
882 3107 1069 3206 pervitam
1100 3109 1297 3208 eontinget,
1324 3118 1364 3184 ut
1388 3111 1581 3186 multorum
1605 3110 1715 3186 lenies
1740 3109 1835 3186 dolo·

306 3257 379 3320 res,
400 3225 593 3306 multorum
615 3237 715 3328 grets
733 3235 888 3304 menete
911 3237 1005 3302 ornet
1025 3237 1061 3302 et
1082 3227 1181 3304 oulet.
1214 3229 1272 3304 Sio
1292 3230 1356 3304 boo
1376 3231 1585 3329 proemium,
1606 3229 1701 3327 quod
1723 3237 1836 3319 tenes,

315 3351 380 3426 tibi
405 3344 541 3450 semper
561 3349 763 3426 memorium
787 3349 937 3424 servabit
962 3349 1050 3423 bene
1073 3357 1170 3424 setes
1195 3349 1403 3439 iuvenum
1428 3350 1538 3424 eeioer
1551 3347 1617 3424 erit
1636 3356 1676 3424 nt
1696 3373 1837 3448 progre-

315 3472 442 3560 dieris,
465 3470 599 3546 irrentus
621 3468 764 3544 hebebit
787 3468 825 3543 in
848 3468 1037 3544 multorum
1057 3468 1226 3558 salutem,
1240 3478 1276 3544 et
1295 3469 1445 3567 primum
1458 3471 1543 3559 erit,
1564 3493 1635 3544 non
1652 3470 1836 3560 ultimum,

315 3617 501 3692 msgnum,
538 3615 608 3666 non
633 3591 824 3666 marimum
859 3589 953 3688 qnod
990 3591 1060 3664 vite
1091 3589 1156 3664 tibi
1187 3599 1227 3664 et
1259 3615 1318 3665 ure
1347 3589 1503 3666 offerent.
1551 3589 1674 3665 Aoiern
1705 3588 1838 3688 ingenii

314 3709 560 3809 indicendique
585 3710 757 3785 solertium
784 3710 854 3794 iem
882 3710 1045 3808 probasti.
1096 3711 1220 3810 Megni
1241 3710 1325 3785 bueo
1349 3709 1385 3783 in
1416 3709 1534 3785 futuro
1569 3709 1703 3786 medioo
1734 3708 1837 3783 nesti·

313 3832 456 3920 munds,
483 3855 610 3929 msgne
635 3829 719 3904 beee
741 3856 762 3904 e
784 3839 818 3903 te
840 3845 1037 3926 exspectare
1060 3829 1193 3904 iubent.
1244 3828 1351 3928 Spem
1379 3853 1423 3904 ne
1446 3830 1554 3905 fellus.
1590 3830 1701 3928 Perge
1727 3835 1762 3903 et
1784 3827 1836 3902 in·

315 3951 515 4052 vestigando
538 3949 816 4049 aperiendoque
840 3949 1017 4026 doetrinae
1043 3956 1078 4023 et
1102 3949 1311 4024 humenitsti
1333 3950 1485 4026 muitum
1509 3949 1640 4049 proris,
1664 3956 1707 4025 ut
1728 3971 1837 4024 noves

313 4072 527 4170 maioresque
548 4071 668 4148 hodos
695 4079 814 4172 pertus
834 4071 930 4146 nudi
952 4070 1127 4146 moedmt.
1712 4089 1716 4096 ·

941 4351 1214 4368 *nn—nnn*

366 4553 486 4631 Quem
519 4549 640 4626 veliem
677 4557 716 4624 ut
758 4548 843 4622 mibi
876 4548 993 4624 liosret
1026 4549 1132 4624 etiem
1164 4546 1381 4625 ornatissimo
1401 4545 1620 4644 Geelhuysen
1647 4542 1840 4644 proemium

318 4672 398 4745 dere
419 4670 516 4768 quod·
542 4691 608 4745 suu
628 4667 812 4765 scriptione
838 4669 979 4746 meruit.
1028 4668 1099 4744 Sed
1119 4668 1243 4744 morbo
1262 4667 1322 4742 iilo
1344 4665 1518 4748 detinetur
1542 4665 1605 4764 qui
1634 4689 1728 4741 nune
1749 4663 1841 4740 inter

318 4815 381 4864 noe
412 4799 588 4889 grassetur
623 4797 659 4864 et
691 4789 752 4887 qui
786 4800 979 4886 speraverat
1002 4789 1104 4863 hodie
1127 4813 1175 4894 'se
1204 4786 1330 4862 loboris
1361 4793 1396 4859 et
1426 4785 1617 4860 industries
1647 4781 1842 4883 proemium

320 4910 537 4998 habiturum,
571 4907 665 4982 domi
693 4931 795 5005 aeger
826 4906 1011 4983 detinetur.
1060 4909 1234 5007 Optemus
1271 4929 1349 4982 vero
1385 4913 1426 4980 ut
1465 4905 1561 4980 brevi
1583 4903 1766 4979 restitutus
1794 4901 1841 4978 sd

1602 5026 1657 5102 9*
