4984 6286
621 671 665 739 12
1147 661 1615 734 succussant
1756 716 1760 724 .

619 882 723 971 fam„
760 877 822 979 qui
854 899 935 952 cum
973 873 1091 963 vivus,
1127 881 1203 949 tum
1240 878 1317 971 post
1352 877 1498 947 mortem
1528 871 1622 946 iusto
1657 870 1785 944 honore
1815 871 1910 971 apud
1942 871 2033 947 cives
2063 898 2143 950 suos

621 995 895 1084 haberiuoluit,
930 1001 1058 1069 temere
1085 993 1374 1068 exheredatorum
1396 992 1503 1067 luisse
1529 990 1612 1065 boni
1634 990 1746 1090 fragis
1769 990 1895 1066 liberos
1916 1001 1952 1066 et
1974 993 2023 1068 sic
2048 1019 2142 1070 sum·

621 1145 699 1196 mae
731 1114 944 1192 crudelitatis
979 1121 1014 1188 et
1042 1112 1307 1189 inhumanitatis
1335 1112 1451 1188 subire
1480 1112 1686 1187 infamiam?
1724 1112 1975 1188 Posterioribus
2000 1115 2140 1213 quidem

618 1235 854 1337 temporibus,
900 1242 1120 1310 testamenta.
1145 1259 1214 1310 non
1251 1234 1402 1333 amplius
1441 1234 1553 1333 palam
1587 1232 1895 1330 nuncupabantur,
1933 1233 1995 1308 sed
2029 1259 2141 1311 coram

617 1358 737 1459 paucis
770 1354 919 1431 testibus
957 1355 1084 1455 scripto
1121 1353 1423 1455 consignabantur.
1475 1356 1523 1429 At
1557 1353 1643 1452 quid
1674 1361 1751 1427 tum
1785 1352 1870 1428 iuris
1903 1356 2003 1429 erat?
2050 1356 2143 1435 Tum

616 1503 742 1577 nempe
776 1475 974 1577 fingebatur
1008 1476 1058 1567 is,
1094 1476 1155 1574 qui
1185 1476 1281 1550 nulla
1318 1474 1361 1549 de
1392 1499 1495 1550 causa
1522 1472 1648 1548 liberos
1676 1499 1757 1550 suos
1780 1474 2037 1590 exheredassat,
2071 1503 2141 1554 non

617 1624 720 1674 sanae
755 1597 887 1672 mantis
912 1596 1022 1670 sanese
1058 1603 1093 1669 at
1124 1595 1189 1671 hoc
1218 1596 1329 1672 colore
1356 1601 1469 1670 totum
1499 1594 1586 1668 illud
1616 1601 1867 1670 testamentum
1894 1597 1994 1694 quasi
2020 1598 2140 1674 furiosi

616 1717 807 1794 corruebat.

666 1837 703 1910 Si
737 1836 888 1934 denique
917 1835 996 1934 quis
1022 1834 1067 1909 ob
1094 1835 1274 1933 pecaniam
1302 1835 1456 1909 debitam
1480 1832 1639 1932 pluribus
1664 1833 1891 1910 creditoribus
1911 1845 2001 1911 esset
2021 1837 2137 1914 addic-

616 1963 691 2047 tus,
726 1963 840 2056 partas
871 1954 1010 2030 secandi
1048 1955 1268 2054 corporisque
1304 1953 1475 2054 partiendi
1504 1953 1559 2027 ius
1592 1979 1632 2028 ac
1661 1963 1813 2054 potestas
1841 1964 1925 2032 erat.
1979 1958 2053 2031 cDa
2080 1959 2138 2034 illa

612 2076 828 2178 immanitate
858 2099 927 2151 non
959 2073 1057 2150 lubet
1094 2083 1130 2148 et
1160 2075 1259 2175 piget
1297 2075 1445 2182 dieera.’'
1493 2073 1549 2146 Sic
1583 2073 1829 2172 Philosophus,
1855 2074 1942 2176 legis
1963 2077 2039 2152 XII
2064 2077 2147 2155 aab:

613 2195 831 2272 obtrectator.
884 2194 953 2269 Sed
988 2195 1075 2293 quid
1106 2195 1229 2277 Ictus?
1279 2195 1386 2270 anihil
1421 2192 1572 2293 profecto
1605 2192 1793 2282 immitius,
1829 2194 1915 2270 nibil
1950 2196 2137 2273 immanius

612 2315 680 2389 nisi
722 2322 763 2389 ut
800 2339 837 2388 re
868 2314 944 2413 ipsa
987 2320 1149 2413 apparet,
1183 2340 1224 2389 eo
1256 2315 1396 2392 consilio
1424 2324 1522 2389 tenta
1557 2337 1687 2413 poenae
1709 2313 1908 2390 immanitas
1932 2316 2137 2394 denuntiata

612 2439 685 2524 ast,
710 2458 754 2508 ne
788 2458 954 2533 umquam
987 2434 1032 2508 ad
1067 2459 1143 2508 eam
1169 2436 1437 2534 perveniretur.”
1481 2433 1702 2508 cDissectum
1722 2459 1797 2508 esse
1817 2435 2009 2534 antiquitus
2026 2439 2135 2512 nemi·

611 2577 693 2628 nem
731 2553 893 2651 equidem
928 2577 992 2628 nec
1024 2552 1093 2653 lagi
1126 2579 1189 2628 nec
1213 2555 1365 2628 audivi.''
1416 2553 1551 2628 Videtis
1576 2553 1780 2644 Auditorcsl
1807 2556 1868 2652 qai
1892 2555 1936 2630 de
1960 2557 2133 2633 Romano·

611 2698 689 2749 ram
716 2674 857 2773 ingenio
879 2681 914 2749 at
935 2671 1051 2748 indole
1072 2699 1115 2747 ex
1138 2675 1217 2749 solis
1236 2701 1354 2749 aarum
1378 2673 1515 2772 legibus
1535 2673 1751 2747 iudicaturus
1773 2675 1837 2761 sit,
1864 2700 1967 2772 quam
1989 2703 2131 2776 pravum

609 2804 645 2869 et
670 2793 830 2894 iniquum
855 2795 898 2870 de
923 2794 967 2868 iis
991 2794 1095 2869 ferret
1120 2794 1301 2869 iudicium.

655 3034 837 3122 Vidimus,
875 3059 945 3132 qua
975 3035 1108 3109 ratione
1143 3034 1204 3122 fit,
1244 3041 1283 3108 ut
1314 3020 1408 3132 leges
1441 3056 1477 3105 re
1506 3031 1603 3107 omni
1637 3031 1670 3103 vi
1703 3029 1889 3110 destitutae
1914 3032 1960 3106 ob
1987 3034 2130 3111 nimiam

605 3155 787 3228 vetustatis
819 3153 1045 3228 reverentiam
1083 3154 1196 3254 specie
1232 3150 1466 3227 immutabiles
1502 3161 1536 3226 et
1572 3152 1778 3256 immutatae
1818 3151 2008 3230 videantur.
2074 3157 2130 3231 Ab

605 3274 713 3349 altera
740 3281 837 3386 parte
860 3272 1005 3360 accidit,
1034 3279 1074 3347 ut
1100 3273 1265 3373 ingenio,
1290 3272 1426 3360 indole,
1450 3271 1621 3347 institutis
1648 3270 1766 3370 populi
1791 3274 2011 3371 postpositis,
2037 3275 2130 3376 leges

604 3392 760 3468 ferantur
797 3416 911 3490 neque
948 3391 1163 3493 temporibus
1201 3391 1350 3491 quibus,
1386 3416 1499 3490 neque
1534 3389 1734 3468 hominibus
1771 3391 1816 3465 ad
1852 3417 1939 3491 quos
1976 3419 2129 3470 accomo-

605 3512 733 3588 dantur
763 3536 935 3610 congruae
967 3513 1162 3613 existatque
1194 3514 1280 3589 adeo
1311 3513 1489 3587 intereas
1521 3518 1556 3586 et
1579 3535 1692 3586 mores
1716 3511 1903 3602 discordia,
1937 3513 2049 3612 priore
2071 3515 2130 3591 illa

605 3656 711 3730 quam
740 3630 1024 3708 adumbravimus
1053 3633 1156 3733 longe
1181 3633 1413 3733 perniciosior.
1464 3630 1571 3709 Quod
1596 3631 1770 3729 quomodo
1795 3631 1983 3732 contingit,
2009 3636 2129 3733 paucis

604 3775 827 3850 exponamus.
883 3751 963 3825 Non
990 3752 1089 3828 facila
1111 3753 1277 3829 nimirum
1301 3753 1488 3853 excogitari
1514 3759 1628 3851 potest
1650 3752 1793 3842 ci'vitas,
1817 3750 1853 3826 in
1883 3777 1953 3850 qna
1975 3777 2042 3828 non
2066 3779 2128 3853 pro

603 3871 737 3946 diversa
770 3871 845 3948 eius
876 3879 1018 3964 natura,
1053 3873 1143 3947 inter
1173 3873 1283 3948 varios
1310 3855 1439 3948 civium
1465 3872 1602 3946 ordines
1623 3873 1743 3973 iniqua
1764 3873 2019 3948 constituantur
2039 3875 2126 3951 iura.

604 3990 661 4066 Sic
683 4015 713 4065 r.
726 4015 755 4066 o.
780 3991 817 4066 in
839 3991 1045 4068 theocratica
1069 3993 1246 4092 regiminis
1269 3993 1399 4083 forma,
1426 3993 1486 4068 ubi
1512 3993 1630 4091 religio
1654 4016 1734 4067 cum
1756 3992 1900 4090 imperio
1920 3992 2124 4086 cohaerens,

602 4110 791 4210 prinoipem
830 4109 896 4184 sibi
931 4110 1082 4186 vindicat
1116 4111 1249 4198 locum,
1283 4135 1387 4208 penes
1412 4111 1489 4186 illos
1517 4112 1578 4210 qui
1605 4110 1708 4184 sacris
1734 4118 1915 4209 praesunt,
1940 4134 2020 4186 cum
2048 4137 2125 4187 essa

602 4237 784 4304 conseatur
807 4229 964 4304 omnium
989 4253 1104 4304 rerum
1129 4229 1322 4305 divinarum
1347 4237 1453 4329 atqua
1476 4230 1707 4306 humanarum
1736 4230 1880 4322 notitia,
1905 4240 1958 4305 est
1985 4256 2123 4332 quoque

603 4349 760 4424 omnium
789 4374 903 4424 rerum
938 4357 1091 4448 potestas
1121 4358 1157 4424 et
1188 4348 1381 4426 arbitrium.
1432 4351 1538 4447 Apud
1574 4351 1729 4425 nationes
1754 4350 1949 4440 bellicosas,
1974 4376 2121 4450 quarum

603 4469 744 4543 unicum
767 4467 838 4542 iere
864 4474 919 4542 est
940 4469 1176 4568 propositum,
1190 4493 1309 4568 ‚qnam
1334 4469 1501 4568 plurimas
1526 4469 1609 4544 alias
1633 4469 1722 4545 bello
1743 4471 1903 4560 domare,
1928 4470 1989 4568 qui
2012 4471 2120 4546 maxi·

601 4613 701 4664 mum
737 4587 889 4663 hostium
925 4612 1110 4664 numeram
1143 4588 1298 4664 feriendo
1333 4588 1385 4663 val
1415 4589 1629 4664 munitarum
1655 4589 1795 4665 urbium
1819 4589 1954 4664 moenia
1978 4591 2119 4666 adscen-

601 4708 735 4798 dendo,
767 4707 896 4783 bonam
923 4706 990 4781 sibi
1015 4707 1141 4783 samam
1168 4709 1443 4807 acquisiverunt,
1476 4709 1608 4785 nobiles
1633 4709 1805 4815 habentur
1826 4717 2030 4809 partumque
2053 4710 2119 4785 sibi
2186 4779 2189 4786 .

598 4826 814 4904 nobilitatem
845 4829 890 4903 ad
926 4834 1094 4925 posteros
1116 4829 1368 4904 transmittunt.
1421 4831 1463 4903 Iu
1503 4830 1701 4906 civitatibus
1731 4830 1881 4929 denique
1907 4842 2117 4909 mercaturae
