4984 6286
623 1583 783 1702 ima
811 1587 890 1701 m
919 1587 1114 1702 cuam
1142 1589 1223 1738 m
1240 1585 1483 1701 sunam

543 1863 608 1950 IN
647 1864 973 1952 eoeneum
1010 1795 1574 1952 11181111110817171Ι

928 2221 1192 2247 -ᾠ-...Δ

972 2519 1015 2592 Α.
1045 2517 1149 2594 1871.

301 2761 372 2838 Die
397 2761 444 2836 12
467 2779 516 2834 m.
540 2754 703 2830 Ianuarii
753 2755 882 2830 Reotor
898 2779 980 2830 cum
1001 2755 1133 2831 Senatu
1156 2755 1389 2831 communicat
1415 2778 1453 2830 se
1478 2779 1500 2830 a
1521 2754 1685 2832 Ministro
1710 2753 1823 2853 Regio

472 2901 528 2952 res
562 2874 715 2950 internas
747 2881 890 2950 curante
922 2875 1053 2951 litteras
1082 2874 1254 2975 accepisse
1279 2875 1387 2974 Regis
1418 2873 1559 2950 nomine
1581 2875 1627 2950 nd
1654 2873 1823 2950 Senatum
1901 2877 1908 2888 '

473 2995 590 3082 datas,
623 2993 752 3092 quibua
779 2993 961 3070 nuntiatur
988 2995 1105 3070 obitus
1133 2994 1307 3070 Altissimi
1332 2994 1504 3094 Principis
1530 2993 1704 3071 Pindarici
1722 2991 1824 3068 nobi·

471 3112 622 3190 menae
668 3111 804 3203 moris,
852 3122 887 3188 et
923 3113 1027 3206 simul
1069 3114 1200 3188 litteras
1233 3114 1361 3212 quibus
1395 3114 1470 3214 ipse
1504 3115 1654 3190 Senatus
1685 3113 1826 3189 nomine

470 3231 607 3308 Domus
631 3231 746 3332 regiae
771 3233 970 3333 patriaeque
995 3232 1126 3308 luctum
1151 3233 1420 3309 commisceatur.

430 3429 438 3446 ,
520 3352 638 3450 Luget
661 3352 810 3429 Senatus
832 3349 968 3426 obitum
990 3351 1053 3426 viri
1077 3350 1295 3450 Amplissimi
1315 3351 1343 3425 I.
1367 3351 1413 3426 A.
1445 3374 1510 3425 van
1536 3351 1598 3424 der
1624 3349 1732 3428 Heinn
1758 3376 1825 3427 ran

473 3468 715 3567 Duyvendyke
742 3468 878 3568 collegii
899 3467 1107 3544 (iuratorum
1132 3469 1318 3567 praesidis,
1343 3468 1414 3545 fato
1434 3469 1590 3546 defuncti
1610 3471 1735 3570 Hagee
1758 3471 1825 3548 Oo-

318 3665 320 3672 ,
472 3588 599 3664 mitum
624 3588 681 3664 die
707 3591 751 3664 15
777 3614 825 3665 m.
852 3587 1012 3664 Octobris
1035 3615 1068 3664 a.
1095 3590 1201 3666 1870.

522 3707 728 3784 Recitantur
747 3709 883 3785 litterae
904 3708 1112 3783 Ouretorum
1132 3708 1201 3782 diei
1224 3711 1269 3786 17
1292 3733 1339 3787 m.
1362 3708 1570 3784 Novembris
1590 3733 1672 3784 cum
1694 3709 1826 3785 Senatu

473 3829 805 3906 communicantium
843 3828 1019 3904 decretum
1056 3827 1191 3928 regium
1226 3827 1295 3903 diei
1331 3832 1351 3902 5
1391 3828 1548 3904 eiusdem
1588 3829 1718 3904 mensis
1755 3853 1826 3927 quo

474 3948 517 4024 ci
541 3950 571 4026 Ι.
590 3948 747 4041 down,
773 3950 835 4050 qui
858 3949 922 4023 hoc
945 3947 1133 4047 petiverat,
1157 3947 1328 4046 professor
1349 3948 1515 4024 emeritus
1534 3955 1588 4024 cst
1607 3945 1826 4026 renuntiatus

471 4067 557 4143 inde
588 4093 610 4143 a
646 4069 704 4144 die
742 4075 761 4144 1
797 4093 843 4144 m.
875 4067 1029 4144 Ianuarii
1059 4091 1090 4142 a.
1123 4069 1214 4144 1871
1249 4068 1351 4168 eique
1379 4092 1553 4144 successor
1576 4067 1680 4145 datur
1705 4069 1755 4144 vir
1781 4069 1823 4144 81

475 4187 520 4262 Δ.
540 4188 582 4263 Ε.
606 4188 636 4265 Ι.
656 4189 887 4265 Modderman
908 4193 944 4261 in
965 4186 1146 4263 Athenaeo
1169 4187 1503 4268 Amstclodameneis
1524 4187 1617 4262 Iuris
1633 4187 1727 4264 Prcf.
1749 4187 1823 4265 orti

522 4307 710 4384 Candidati
742 4317 891 4409 quotuor
922 4331 942 4382 8
977 4307 1107 4407 quibus
1142 4307 1179 4382 in
1221 4307 1418 4407 proximum
1457 4331 1589 4383 annum
1615 4307 1824 4386 Academica

478 4426 606 4504 Rector
629 4429 840 4530 Magnificus
863 4455 884 4504 a
905 4428 1004 4528 Rege
1026 4428 1274 4518 constituatur,
1299 4425 1471 4528 designati
1492 4433 1593 4503 sunt:

838 4548 879 4624 L
906 4547 951 4622 G.
977 4549 1018 4623 E.
1042 4545 1292 4635 Rouwenhoff‚

692 4713 702 4728 ,.
839 4669 883 4745 D.
910 4667 1052 4742 Bierenr
1077 4666 1121 4742 de
1145 4665 1268 4754 Haeo,

841 4789 894 4866 M.
919 4788 964 4863 de
987 4786 1107 4879 Vries,

842 4908 884 4984 A.
910 4907 1101 5007 Heynaius.
