4984 6286
944 641 1225 754 ORthO.
1832 647 1853 714 9

325 855 405 930 lisse
429 859 464 927 et
485 852 664 926 Romanos
686 875 718 926 v.
733 875 762 926 c.
794 849 856 925 diu
884 852 1016 951 diuque
1040 853 1084 928 ad
1112 852 1205 953 leges
1232 853 1362 953 Regias
1377 863 1383 878 '
1398 855 1446 929 sio
1480 861 1717 955 nuncupatas,
1751 857 1851 955 quasi

325 976 370 1052 ad
393 975 525 1049 fontem
553 995 739 1071 perennem
767 997 949 1072 provocare
976 973 1094 1048 solitos
1129 974 1245 1050 fuisse.
1271 1062 1274 1066 ,
1297 976 1414 1052 Quam
1444 976 1610 1075 sagaciter
1644 985 1762 1053 autem
1792 1001 1847 1052 ve·

327 1103 416 1171 teres
436 1093 496 1169 isti
518 1092 730 1191 legislatores
755 1092 944 1170 humanam
970 1103 1130 1170 naturam
1165 1094 1431 1195 pervestigatam
1467 1103 1502 1170 et
1528 1095 1746 1196 quambene
1774 1122 1851 1197 per·

329 1223 485 1317 spectum
504 1213 710 1304 habuerint,
732 1221 904 1312 quantum
929 1216 974 1290 ad
993 1223 1199 1314 perpetuum
1220 1214 1337 1315 legum
1358 1215 1492 1292 cultum
1512 1216 1709 1307 interesset,
1731 1242 1852 1294 earum

327 1337 495 1437 originem
519 1359 590 1410 non
614 1335 659 1409 ab
683 1333 884 1409 hominibus
908 1335 969 1410 aed
994 1335 1110 1434 potius
1135 1360 1156 1410 a
1181 1335 1276 1411 coelo
1299 1336 1470 1428 derivare,
1504 1336 1587 1411 inde
1616 1344 1732 1436 patet,
1758 1338 1853 1438 quod

328 1457 382 1532 vel
414 1449 604 1556 hodieque,
640 1454 726 1529 dum
761 1479 881 1530 omnes
913 1479 1004 1555 quae
1037 1454 1167 1554 ubique
1201 1463 1369 1531 terrarum
1406 1445 1574 1555 u'mquam
1609 1456 1698 1532 latae
1724 1455 1854 1531 fuerint

328 1577 441 1678 leges,
467 1577 513 1652 ad
540 1598 695 1651 severum
722 1574 890 1650 iudicium
916 1581 1119 1651 revocantur
1154 1582 1190 1648 et
1222 1577 1295 1652 sine
1319 1575 1389 1650 ulla
1414 1575 1578 1675 religione
1613 1601 1676 1677 pro
1702 1602 1739 1651 ro
1772 1584 1854 1653 nata

327 1697 547 1798 corriguntur
578 1703 615 1771 et
649 1693 871 1794 abrogentur,
890 1681 969 1771 ⁸eae
1002 1695 1202 1795 longissime
1235 1704 1270 1770 et
1305 1696 1522 1771 tenacissime
1554 1696 1704 1773 novandi
1737 1698 1854 1772 studio

328 1820 512 1908 resistunt,
537 1841 627 1916 quas
651 1815 722 1892 sive
757 1817 861 1891 veteri
887 1817 958 1894 sive
993 1841 1080 1891 noro
1116 1817 1252 1891 foedere
1279 1817 1451 1905 nituntur,
1485 1817 1539 1890 vel
1562 1816 1628 1891 niti
1656 1823 1851 1892 censentur.

271 2041 277 2052 υ
328 1939 498 2039 Exemplo
519 1937 590 2012 sint
609 1937 704 2036 leges
733 1937 775 2010 de
798 1937 929 2036 nuptiis
959 1939 1173 2037 cognationis
1206 1934 1346 2011 nomine
1375 1935 1577 2035 prohibitis,
1610 1937 1654 2012 de
1678 1937 1853 2028 dicenda,
1998 1957 2004 1972 ·

332 2061 376 2148 de
401 2059 535 2147 usuris,
561 2057 605 2131 de
629 2056 749 2131 mortis
774 2081 885 2156 poena
910 2058 1099 2158 infligenda
1124 2057 1279 2155 aliaeque
1304 2081 1392 2155 quae
1407 2079 1521 2155 neque
1537 2057 1707 2132 institutis
1729 2057 1856 2133 nostris

331 2185 578 2254 consentaneae
607 2199 721 2275 neque
746 2176 791 2251 ad
816 2176 1004 2252 humanam
1039 2177 1237 2252 societatem
1269 2176 1434 2252 tuendam
1469 2177 1698 2267 necessariae,
1729 2177 1853 2252 nihilo⁴

332 2297 449 2372 minus
472 2295 564 2395 apud
587 2296 793 2372 recentiores
817 2320 944 2395 easque
967 2297 1127 2372 cultiores
1155 2305 1277 2397 gentes
1302 2297 1452 2396 vigorem
1481 2320 1584 2372 suum
1610 2297 1770 2373 obtinent
1791 2297 1854 2372 ob·

313 2414 583 2515 linebantque,
609 2416 719 2492 donee
740 2417 784 2491 dc
798 2417 972 2494 Ecclesiae
993 2416 1038 2493 ab
1058 2417 1203 2518 imperio
1225 2417 1458 2516 separatione,
1483 2417 1601 2493 sanius
1618 2417 1663 2493 ab
1687 2417 1854 2493 universis

330 2535 459 2612 feretur
488 2534 668 2612 iudicium.

378 2657 429 2730 At
452 2679 531 2729 vero
556 2631 725 2753 populus,
750 2679 963 2754 quamquam
985 2657 1081 2732 rudis
1106 2659 1221 2733 adhuc
1244 2665 1280 2730 et
1302 2655 1487 2745 barbarus,
1512 2657 1558 2732 ad
1585 2656 1747 2756 pristinas
1775 2680 1857 2732 suas

332 2801 373 2851 ac
398 2773 531 2848 divinas
564 2773 657 2872 leges
691 2782 870 2873 tamqnam
907 2776 953 2850 ad
988 2799 1109 2850 saxum
1135 2776 1315 2866 adhaeret,
1350 2776 1518 2876 paulatim
1552 2783 1714 2853 tamena
1742 2775 1857 2852 natira

333 2919 395 2968 sua
421 2893 641 2993 simplicitate
665 2893 803 2970 recedit
854 2894 994 2968 Etenim
1016 2903 1118 2970 aucto
1143 2895 1330 2970 incolarum
1355 2919 1500 2971 numero
1533 2920 1613 2972 cum
1638 2897 1774 2996 imperii
1801 2894 1856 2970 sui

334 3015 420 3089 fines
440 3036 638 3112 promovere
661 3021 815 3110 cogatur,
839 3012 956 3087 oculos
977 3014 1078 3088 vertit
1102 3014 1147 3089 ad
1167 3023 1300 3089 exteras
1322 3015 1478 3090 nationes
1501 3015 1653 3115 primum
1674 3015 1859 3103 finitimas,

334 3134 460 3210 deinde
485 3133 703 3220 remotiores,
729 3157 874 3232 quarum
904 3133 988 3207 alies
1014 3132 1212 3208 foederibus
1237 3141 1272 3208 et
1296 3131 1515 3232 pactionibus
1540 3133 1578 3207 in
1610 3133 1796 3208 amicitiem
1823 3140 1858 3207 et

337 3254 534 3329 societatem
557 3252 694 3351 recipit,
716 3252 800 3327 alias
823 3252 857 3326 vi
879 3259 914 3327 et
938 3253 1043 3327 armis
1065 3251 1208 3351 subigit.
1258 3253 1395 3330 Arctior
1415 3253 1495 3326 inde
1515 3252 1749 3343 necessitudo,
1770 3277 1859 3351 quae

336 3373 509 3450 connubio
531 3380 567 3447 et
586 3372 791 3448 commercio
818 3374 974 3463 firmata,
999 3373 1036 3445 id
1059 3373 1188 3447 sensim
1211 3371 1336 3461 efficit,
1361 3381 1402 3446 ut
1429 3373 1461 3447 ei
1489 3373 1705 3450 innotescant
1726 3379 1869 3447 extero.

334 3519 411 3569 rum
438 3494 514 3570 iura
539 3501 574 3568 et
596 3492 758 3567 instituta
794 3517 931 3591 usuque
963 3493 1090 3582 discat,
1125 3493 1185 3569 illa
1212 3492 1370 3591 quamvis
1395 3491 1439 3568 ab
1474 3492 1648 3592 indigenis
1679 3492 1859 3582 differant,
1924 3587 1926 3598 Ι

337 3615 462 3691 babere
490 3623 605 3688 tamen
632 3637 702 3711 quo
728 3637 764 3686 se
791 3637 872 3712 prae
900 3613 959 3688 his
978 3613 1222 3689 commendent
1247 3621 1282 3687 et
1305 3637 1380 3687 esse
1407 3636 1546 3711 quoqne
1569 3613 1605 3686 in
1631 3611 1729 3687 hoste
1751 3612 1858 3687 virtu·

337 3745 419 3812 tem.
472 3733 529 3808 Sic
551 3733 648 3810 istud
668 3732 763 3832 quod
788 3757 867 3808 cum
892 3733 968 3809 aliis
1000 3734 1137 3834 populis
1170 3733 1351 3807 intercedit
1374 3732 1637 3822 commercium,
1672 3757 1752 3808 cum
1782 3732 1859 3807 uni·

339 3879 433 3930 verse
460 3853 629 3954 populum
659 3879 680 3928 a
706 3852 786 3927 rudi
809 3860 844 3928 et
867 3853 995 3953 agresti
1021 3855 1090 3928 vita
1114 3847 1159 3928 ad
1190 3853 1428 3928 humaniorem
1461 3853 1602 3927 deducit
1624 3853 1758 3928 cultum
1782 3859 1860 3928 tum

340 3976 445 4050 etiam
466 3976 502 4049 in
525 3975 582 4048 ios
608 3997 712 4050 suum
741 3997 811 4048 non
837 3997 999 4073 magnam
1022 3998 1177 4049 exercere
1200 3974 1269 4048 vim
1298 3997 1366 4048 non
1396 3980 1521 4072 potest.
1573 3971 1757 4071 Quidquid
1782 3995 1859 4069 pro-

339 4095 434 4194 priae
456 4095 549 4194 leges
573 4093 776 4169 habuissent
796 4093 894 4182 duri,
918 4094 1086 4193 paulatim
1105 4094 1142 4166 in
1164 4093 1277 4168 lenius
1298 4093 1460 4182 flectitur,
1484 4091 1579 4192 quod
1599 4091 1667 4164 suit
1687 4114 1860 4190 asperum,

341 4214 507 4314 simplex,
534 4214 749 4302 absolutum,
771 4212 971 4288 moderetur
994 4213 1170 4311 aequitas3
1194 4235 1258 4312 pro
1284 4237 1378 4287 mero
1400 4213 1473 4286 iure
1499 4211 1609 4302 civili,
1635 4211 1729 4310 quod
1745 4235 1861 4288 veram

342 4335 423 4412 olim
446 4334 615 4410 referebat
635 4333 822 4433 imaginem
846 4333 961 4433 gentis
980 4333 1131 4408 incultae
1154 4339 1189 4409 et
1210 4333 1385 4422 horridae,
1408 4331 1474 4407 ooli
1494 4338 1529 4406 et
1548 4330 1720 4407 observari
1740 4330 1861 4430 incipit

341 4456 378 4530 id
411 4455 505 4555 quod
543 4454 708 4529 naturalis
723 4531 728 4538 ,
741 4454 827 4529 ratio
863 4454 954 4528 inter
990 4477 1109 4548 omnes
1147 4453 1304 4528 homines
1341 4452 1540 4542 constituit,
1575 4453 1683 4528 donec
1719 4451 1861 4526 tandem

341 4575 454 4675 magis
480 4575 661 4674 magisque
684 4574 829 4649 excultis
858 4574 1032 4665 moribus,
1059 4597 1189 4650 novum
1214 4573 1330 4648 extitit
1355 4573 1410 4648 ius
1435 4599 1456 4649 a
1483 4571 1628 4673 pristino
1652 4597 1696 4646 re
1722 4594 1862 4670 prorsus

343 4694 528 4771 diversum.
579 4696 640 4770 Re
666 4695 828 4794 inquam;
855 4693 1135 4770 animadvertatil
1164 4694 1257 4769 enim
1280 4693 1401 4783 velim,
1437 4693 1613 4792 ingentem
1648 4689 1743 4765 illam
1777 4689 1862 4764 iuris

345 4815 570 4892 mutationem
595 4814 689 4915 apud
712 4814 873 4913 antiquas
897 4812 1080 4912 praecipue
1105 4811 1281 4902 nationes,
1316 4811 1429 4887 locum
1467 4836 1536 4886 non
1568 4809 1694 4886 hebere
1716 4833 1797 4884 roos
1822 4832 1863 4884 ac

1670 4931 1692 5001 2
