4984 6286
672 947 1492 1050 IUDIOIAORDINUM

887 1195 1277 1280 Paenuleum

1068 1435 1091 1485 Α

738 1627 1035 1700 REGTORE
1070 1647 1127 1696 ur
1162 1626 1417 1698 SENh'l'U

548 1853 917 1968 lonhnltlln
950 1853 1614 1944 Blitho-hnnlnohlhnn

713 2121 782 2181 DIE
803 2119 916 2180 XXVII
936 2119 978 2182 hl.
999 2116 1144 2180 mm
1168 2117 1443 2182 ntomoocmr.

1063 2645 1091 2721 Ι.

547 2860 685 2936 ORDO
712 2861 1103 2936 DlSOlPLlerRUM
1128 2858 1607 2936 MATHEMA'PIOARUM

875 2982 937 3054 ΕΤ
961 2980 1280 3055 PHYSlOARUM

314 3220 358 3294 ed
391 3219 627 3318 quaestionem
667 3245 687 3294 a
727 3245 763 3294 se
803 3221 1031 3318 propositam:
1076 3220 1341 3294 eDiindioentnr
1378 3229 1452 3293 tum
1498 3219 1674 3308 methodi,
1710 3219 1839 3318 quihus

319 3363 503 3438 rtrspornm
538 3341 690 3416 densitas
714 3342 954 3439 cognoscitur,
979 3348 1056 3416 tum
1082 3340 1340 3438 disquisitiones
1365 3337 1408 3411 de
1430 3361 1522 3413 nexu
1543 3339 1633 3414 inter
1650 3339 1840 3416 ohsmioem

317 3467 498 3534 ensturam
529 3483 709 3558 corporum
744 3468 779 3532 et
805 3459 939 3557 vaporis
967 3459 1199 3533 densitatem’'
1223 3459 1293 3532 duo
1319 3459 1452 3556 ennepit
1475 3481 1659 3558 response,
1690 3485 1839 3561 quorum

314 3580 460 3654 alterum
485 3578 690 3678 insignitum
718 3587 771 3654 est
796 3579 984 3653 sententie:
1017 3589 1083 3653 Ars
1105 3587 1157 3654 est
1179 3581 1372 3675 mulhhlee,
1398 3578 1545 3654 alterum
1571 3579 1702 3655 verbis=

436 3719 441 3730 ⁴
490 3768 563 3834 na
584 3787 640 3834 a»
664 3767 758 3832 rme
777 3789 815 3832 aa
837 3787 909 3853 ayn
931 3767 973 3832 et
994 3768 1047 3834 er
1069 3767 1233 3852 senem
1257 3767 1344 3832 erae
1363 3769 1429 3834 una
1448 3767 1503 3834 aar
1522 3747 1653 3852 tene,

491 3877 580 3944 Des
601 3899 662 3945 ser
683 3878 732 3944 ds‘e
756 3879 920 3944 ommam
932 3877 1028 3966 fldrt
1050 3879 1120 3944 oder
1142 3878 1192 3950 dte
1216 3877 1324 3944 deoru
1345 3879 1433 3964 dass,

363 4061 497 4138 Harum
542 4064 884 4138 Commentationum
928 4063 1019 4162 prior
1059 4064 1131 4162 egit
1162 4065 1206 4138 de
1241 4062 1412 4137 methodis
1451 4063 1757 4163 praestantioribus
1793 4066 1838 4140 ed

316 4205 478 4280 vsperum
502 4183 708 4259 densitatem
734 4183 977 4260 definiendam.
1030 4183 1182 4283 Scriptor
1204 4184 1324 4283 procul
1345 4183 1452 4256 dubio
1469 4181 1650 4258 methodos
1667 4182 1837 4260 intellexit

315 4301 471 4401 beneque
495 4305 655 4402 exposuit
679 4313 756 4380 tum
783 4305 888 4380 etiam
910 4305 1056 4380 inseruit
1079 4304 1264 4392 nonnulle,
1290 4326 1439 4402 qnorum
1462 4303 1644 4402 praecipue
1669 4303 1836 4381 rationem

313 4423 358 4497 ah
381 4423 626 4525 investigatum
650 4426 771 4502 heberi
795 4426 977 4525 oportebit.

361 4544 476 4620 Minus
498 4545 628 4646 plaemt
647 4546 843 4645 disquisitio
862 4547 990 4622 critice.
1041 4549 1265 4645 Quemquam
1288 4545 1382 4619 enim
1403 4543 1571 4642 venarum
1594 4545 1834 4624 methodorum

312 4664 493 4741 commoda
522 4675 559 4742 et
590 4666 809 4742 incommoda
843 4665 1052 4754 efferuntur,
1090 4667 1173 4742 haee
1207 4675 1323 4740 tamen
1348 4689 1418 4740 nou
1442 4672 1513 4740 tam
1542 4665 1726 4766 diligenter
1747 4667 1838 4744 iuter

312 4807 349 4857 se
380 4795 625 4890 eomparentur
652 4798 688 4862 et
715 4786 971 4862 accuratissima
995 4795 1120 4862 statera
1147 4786 1367 4886 penduntur,
1402 4794 1443 4861 ut
1465 4793 1599 4861 eertum
1623 4786 1667 4861 de
1688 4787 1730 4862 iis
1747 4787 1836 4864 serra

313 4903 411 4980 lineet
435 4905 615 4985 iudicium.
641 4953 692 4970 -
717 4907 853 4986 Quodsi
878 4908 991 5007 leges,
1017 4932 1106 5006 qnae
1128 4931 1290 5008 vaporum
1318 4906 1491 4982 volumina
1515 4913 1661 5006 regunt,
1685 4905 1834 4986 efferun-

1624 5027 1693 5101 10·
