4984 6286
785 725 1002 792 luutclr
1039 723 1304 792 ouulnurt.

1008 979 1078 1053 ΙΙΙ.

811 1195 947 1271 ORDO
971 1193 1276 1270 MEDIOORUM

280 1408 325 1483 ad
350 1410 608 1506 quaestionem,
633 1433 723 1510 quae
748 1411 797 1485 sio
822 1411 939 1486 audit:

335 1527 548 1604 uPraemisso
583 1538 769 1629 conspectu
807 1531 967 1606 historico
1001 1529 1283 1630 disquisitionum
1322 1538 1357 1603 et
1392 1529 1594 1630 opinionum
1633 1531 1677 1604 de
1713 1533 1808 1629 puris

285 1647 439 1724 tornutio
460 1673 649 1750 earumque
673 1649 829 1724 sontibus
852 1661 887 1724 et
910 1659 1006 1738 ortu,
1031 1675 1111 1726 oum
1137 1675 1179 1724 ax
1201 1648 1368 1737 eliorum,
1394 1658 1470 1725 tum
1496 1649 1598 1724 etium
1621 1674 1642 1724 e
1665 1650 1810 1749 propriis

285 1767 457 1844 sauctoris
485 1769 810 1872 investigationibus
836 1771 1080 1860 concludetur,
1105 1770 1189 1868 quid
1216 1769 1258 1843 iis
1281 1769 1324 1842 de
1347 1769 1452 1844 rebus
1475 1770 1577 1844 hodie
1600 1770 1653 1845 vel
1676 1779 1810 1846 constet

284 1888 360 1964 nuel
383 1898 541 1964 constare
565 1898 658 1966 carte
683 1889 876 1966 rideatur.’'

238 2093 242 2099 ,
329 2033 441 2084 uuum
458 2010 592 2108 accepit
612 2034 813 2108 responsum
833 2009 888 2083 his
902 2008 1014 2084 verbis
1027 2009 1252 2109 insignitum:
1272 2009 1332 2112 nln
1346 2009 1641 2108 magnisvoluisse
1654 2019 1708 2086 eat
1720 2013 1809 2086 est.”

329 2129 462 2204 Auctor
493 2129 598 2204 buius
636 2131 947 2206 Commentationis
979 2139 1021 2205 nt'
1054 2153 1167 2205 reram
1201 2128 1365 2204 materiae
1401 2130 1600 2205 tractandae
1640 2131 1808 2206 rationem

279 2247 383 2345 plene
406 2271 443 2321 se
462 2247 678 2347 perspexisse
700 2247 878 2346 probavit,
902 2249 967 2336 ite,
994 2248 1079 2347 quid
1098 2246 1257 2347 inprimis
1278 2247 1344 2321 sibi
1361 2247 1558 2322 feriendum
1581 2258 1691 2339 esset,
1716 2249 1811 2324 visus

279 2376 333 2442 est
355 2391 457 2465 quam
483 2366 742 2455 accuratissima
767 2367 1000 2467 perpendisse.
1051 2369 1088 2441 ln
1113 2367 1219 2467 priori
1242 2375 1359 2442 autem
1383 2369 1497 2466 operis
1519 2379 1616 2468 parta
1643 2369 1812 2446 nonnulla

279 2486 529 2564 desiderentur.
583 2490 687 2568 Quae
712 2489 876 2564 nimirum
901 2490 944 2564 de
966 2488 1062 2588 puris
1086 2488 1286 2562 cellularum
1311 2487 1443 2588 origine
1468 2490 1707 2590 promulgatae
1734 2491 1809 2564 fue-

268 2616 361 2682 runt
393 2617 429 2682 et
463 2607 727 2708 disquisitiones
757 2619 793 2683 et
822 2608 1002 2708 opiniones
1037 2610 1157 2684 sedulo
1193 2609 1335 2708 quidem
1369 2633 1408 2682 ao
1438 2610 1623 2711 ordinatim
1651 2611 1812 2709 exposuit

279 2735 416 2815 auctor,
442 2736 479 2802 at
510 2727 708 2802 interiorem
732 2729 886 2828 ipsarum
916 2731 1204 2805 uecessitudinem
1231 2739 1293 2805 aut
1316 2730 1372 2802 vix
1394 2740 1456 2803 aut
1478 2754 1696 2828 nequaquam
1719 2729 1810 2803 indi·

278 2845 393 2922 cavit:
428 2855 468 2920 ut
499 2848 587 2922 edeo
617 2859 840 2946 conspectum
873 2851 985 2949 magis
1010 2848 1289 2948 chronologicum
1319 2849 1537 2938 exhibuerit,
1562 2873 1688 2948 quam,
1714 2851 1809 2948 quod

279 2965 314 3038 in
341 2964 428 3039 votis
453 2975 545 3053 erat,
573 2967 752 3042 historiam
779 2970 829 3042 rei
853 2971 1060 3069 geneticam.

331 3084 452 3160 Altera
489 3109 568 3160 vero
605 3111 705 3186 pers,
741 3087 775 3162 in
807 3113 877 3188 que
911 3091 1058 3190 propriis
1090 3098 1209 3166 auctor
1241 3088 1353 3187 iisque
1383 3089 1571 3187 ingeniosis
1603 3097 1638 3162 et
1675 3089 1811 3164 subtili·

281 3205 350 3280 bus
382 3204 710 3306 investigationibus
743 3208 859 3298 nisus,
894 3211 991 3310 puris
1023 3210 1162 3286 cellulas
1194 3210 1230 3284 iu
1265 3231 1407 3282 corneae
1436 3207 1706 3284 inflammatione
1731 3233 1809 3308 pro·

281 3325 429 3400 deuotus
462 3326 666 3426 corpuscula
687 3328 868 3427 sanguinis
888 3355 962 3405 essa
985 3331 1164 3406 contendit
1187 3353 1256 3404 noo
1281 3327 1449 3416 ooloreta,
1476 3327 1622 3402 vasculis
1650 3316 1808 3426 egresse,

280 3445 428 3520 summis
451 3447 593 3524 omnino
615 3447 779 3524 laudibus
802 3449 909 3550 digne
932 3461 995 3526 est.
1034 3451 1299 3549 Experimento,
1326 3470 1416 3545 quae
1437 3447 1611 3535 instituit,
1637 3459 1674 3521 et
1699 3448 1810 3523 multe

281 3575 316 3640 et
340 3578 518 3655 accurata,
544 3567 765 3644 Cobnbaimii
791 3569 957 3646 theoriam
979 3571 1239 3657 confirmantia,
1265 3566 1399 3642 nullum
1428 3567 1598 3655 dubium,
1624 3567 1710 3664 quin
1737 3591 1809 3640 me·

281 3685 388 3760 iorem
410 3685 618 3762 evidentiam
643 3687 885 3786 praebuerint,
911 3713 1018 3788 quem
1043 3688 1283 3788 indagationes
1304 3710 1416 3786 nuper
1441 3686 1486 3761 ab
1511 3687 1656 3762 eruditis
1678 3686 1809 3762 Vindo-

277 3803 495 3880 boneusibus
514 3805 623 3882 lautae
647 3807 875 3906 reliquerant,
900 3809 1030 3908 quippe
1053 3808 1183 3908 quibus
1206 3831 1226 3882 e
1246 3829 1389 3888 corneae
1414 3807 1573 3905 partibus
1599 3806 1810 3882 constituen-

283 3924 379 4000 tibus
410 3925 506 4024 puris
539 3927 683 4004 cellulae
709 3927 790 4002 oriri
815 3928 1021 4004 viderentur.
1072 3931 1190 4027 Atque
1214 3952 1257 4002 ex
1283 3927 1347 4002 hoo
1371 3927 1458 4004 edeo
1481 3928 1617 4018 labore,
1643 3929 1810 4027 quemad·

283 4045 427 4122 modum
458 4071 478 4122 e
509 4047 649 4140 ceteris,
675 4072 765 4146 quae
791 4048 1003 4147 pyogenasiu
1032 4049 1187 4124 universe
1213 4056 1392 4148 spectant,
1417 4047 1749 4124 musideratiouibus
1774 4049 1811 4122 iu

283 4167 404 4242 aedem
427 4168 738 4244 commentationis
761 4179 859 4268 parte
883 4169 1077 4257 contentis,
1114 4178 1152 4244 ut
1178 4168 1295 4267 ampla
1316 4191 1432 4242 rerum
1458 4167 1620 4256 scientie,
1644 4169 1695 4242 sio
1720 4169 1810 4244 acies

283 4285 415 4386 ingenii
450 4287 697 4387 iudicandique
734 4289 884 4365 sollertia
916 4313 1021 4388 quam
1055 4289 1206 4364 maxime
1247 4289 1394 4363 elucent.
1446 4286 1587 4366 Quibus
1621 4287 1666 4362 ds
1697 4290 1811 4364 causis

284 4431 388 4482 aureo
416 4407 569 4506 praemio
597 4408 796 4506 scriptorem
820 4410 1015 4486 emendum
1047 4433 1142 4497 essa,
1168 4406 1323 4483 unenimi
1347 4430 1518 4482 consensu
1541 4406 1692 4482 decrevit
1715 4408 1812 4483 Ordo

283 4526 506 4605 medicorum.
777 4543 780 4548 '

333 4647 474 4724 Soidrde
498 4657 636 4749 aparte,
661 4657 780 4725 auctor
804 4639 975 4726 innotuit}

917 4769 1010 4827 SAPE
1025 4767 1173 4838 mm,

671 4864 807 4916 nomm
825 4864 976 4918 oenum
990 4865 1017 4916 r·
1034 4864 1163 4916 musra
1181 4863 1425 4916 murentur.

922 5009 1185 5020 -----
