4984 6286
620 702 663 774 10
1147 701 1620 772 1.a.GOUnst11r

622 911 786 1012 suffragio
819 909 1026 1012 legislatoris
1062 917 1213 1010 (semper
1246 913 1338 988 enim
1376 911 1471 1012 quod
1504 934 1633 988 norum
1666 911 1814 988 habetur
1852 937 1915 990 nec
1946 916 2149 994 tralatitium

621 1034 702 1108 odio
728 1033 889 1128 habetur)
920 1031 982 1108 sed
1008 1031 1124 1131 potius
1146 1032 1274 1108 rebus
1308 1032 1417 1132 ipsis
1447 1039 1487 1106 et
1512 1031 1642 1108 factis
1670 1032 1778 1131 idque
1804 1033 1858 1109 vel
1883 1034 1989 1110 tacita
2021 1037 2149 1115 civium

621 1153 846 1229 conventione
868 1152 1151 1247 (consuetudine)
1176 1150 1230 1226 vel
1253 1151 1320 1242 its,
1346 1158 1386 1227 ut
1417 1153 1479 1251 qui
1501 1152 1774 1228 iurisdictionem
1791 1147 1947 1245 habant,
1972 1157 2148 1232 communi

621 1272 776 1348 omnium
798 1295 969 1349 consensu
992 1271 1176 1371 suppleant
1202 1279 1237 1347 et
1259 1272 1431 1372 corrigant
1460 1272 1499 1347 id
1523 1272 1618 1373 quod
1651 1273 1745 1373 leges
1770 1273 1901 1350 habent
1922 1275 2054 1366 vitiosi,
2086 1286 2149 1352 aut

549 1383 552 1389 ’
622 1392 774 1491 denique
797 1393 866 1484 ita,
892 1402 932 1468 at
958 1393 1025 1468 Icti
1048 1391 1168 1466 itidem
1191 1391 1359 1491 probante
1384 1392 1531 1492 populo,
1556 1393 1755 1469 fictionibus
1777 1419 1818 1470 ac
1847 1396 2052 1470 commentis
2076 1397 2149 1472 suis

622 1512 678 1587 rel
702 1511 824 1587 subtili
853 1537 972 1589 eorum
1012 1513 1292 1611 interpretatione
1326 1512 1430 1588 verba
1468 1514 1584 1613 legum
1619 1515 1763 1613 quidem
1795 1523 1956 1606 teneant,
1994 1525 2146 1592 mentem

621 1655 701 1707 sero
725 1657 765 1708 eo
795 1657 935 1708 sensum
958 1633 1133 1709 omittant.
1186 1634 1241 1706 Ita
1267 1642 1357 1707 stare
1391 1633 1527 1709 videtur
1559 1643 1659 1709 vetus
1690 1640 1726 1709 et
1758 1637 1858 1734 quasi
1891 1645 2144 1714 sacrosanctum

619 1750 834 1841 aedificium,
859 1775 975 1828 revera
1000 1752 1228 1828 fundamenta
1254 1761 1336 1827 suut
1364 1752 1570 1852 labefactata
1595 1763 1631 1829 et
1664 1781 1705 1830 ex
1734 1764 1866 1832 remota
1890 1755 1949 1831 illa
1976 1765 2146 1833 vetustata

619 1870 670 1945 nil
690 1870 761 1946 fere
786 1881 960 1971 superest,
985 1872 1053 1947 nisi
1073 1874 1237 1948 memoria
1258 1882 1293 1948 et
1311 1876 1437 1950 cultus.
1475 1875 1604 1950 Eadem
1628 1899 1743 1951 rerum
1766 1901 1806 1952 ac
1828 1876 1945 1976 legum
1971 1869 2145 1968 vocabula,

473 2013 478 2022 ·
618 1990 759 2066 eaedem
789 1991 957 2067 formulae
994 2001 1029 2066 et
1062 1992 1233 2081 actiones,
1272 2018 1326 2067 rea
1362 2001 1435 2107 toto
1467 1994 1560 2067 coelo
1596 1995 1765 2084 diversae;
1802 1997 1896 2072 aliud
1930 1999 2145 2097 praecipiunt
2198 1987 2200 1992 ¹

619 2110 733 2210 leges,
758 2111 853 2187 aliud
879 2111 1069 2187 effecerunt
1091 2135 1214 2185 mores.

668 2229 830 2306 Vultisne
854 2231 1038 2330 exempla?
1062 2231 1108 2306 ad
1133 2231 1308 2304 Romanos
1333 2253 1488 2329 provoco.

668 2351 773 2426 Probi
807 2352 865 2428 ille
897 2351 1145 2430 intellexerunt
1178 2352 1223 2425 ad
1260 2349 1416 2425 belhcam
1444 2349 1604 2424 virtutem
1636 2362 1672 2424 et
1695 2350 1838 2450 gloriam
1875 2353 2144 2443 conciliandam,

617 2470 668 2544 nil
689 2471 801 2571 magis
822 2471 933 2546 valere
954 2496 1062 2572 quam
1087 2470 1303 2570 disciplinam
1325 2471 1527 2558 militarem,
1554 2496 1625 2569 qua
1645 2471 1803 2570 prolapsa
1824 2495 1868 2545 ne
1889 2480 1979 2548 stare
2001 2473 2145 2572 quidem

617 2590 867 2690 rempublicam
893 2616 1016 2691 posse3
1054 2616 1123 2689 qno
1150 2615 1228 2665 vero
1264 2591 1345 2665 huic
1372 2590 1573 2690 disciplinae
1595 2592 1663 2665 iem
1688 2616 1710 2666 a
1733 2591 1860 2666 teneris
1884 2592 2144 2683 adsuescerent,

618 2709 791 2785 alamilia
813 2709 995 2785 exordium
1024 2735 1100 2785 esso
1123 2710 1341 2809 capiendum.
1393 2710 1490 2784 lutra
1521 2708 1666 2783 domum
1692 2710 1800 2810 igitur
1826 2713 1943 2787 omnia
1976 2715 2142 2814 regeban-

616 2835 675 2904 tur
699 2837 735 2904 et
758 2830 1044 2930 gubernabantur
1068 2839 1157 2905 nutu
1192 2855 1232 2904 ac
1258 2830 1434 2904 voluntate
1469 2830 1573 2909 unius
1613 2830 1888 2929 patrisfamilias,
1925 2833 1987 2931 qui
2021 2841 2061 2907 ut
2095 2834 2144 2908 ait

616 2949 733 3040 Ictus,
757 2950 794 3024 in
822 2952 926 3027 domo
960 2951 1153 3026 dominium
1181 2949 1332 3024 habehat
1359 2949 1531 3048 cuiusque
1557 2957 1763 3048 potestatem
1792 2950 1853 3047 qui
1881 2950 1935 3024 vel
1968 2952 2141 3027 tantulum

616 3068 895 3146 circumscribere
917 3079 1062 3147 conatus
1088 3078 1194 3158 esset,
1232 3070 1297 3142 vim
1331 3069 1454 3143 inferre
1482 3068 1664 3142 videretur.
1716 3068 1823 3143 Hunc
1847 3069 1934 3145 adeo
1960 3071 2142 3147 dominam

617 3213 679 3264 seu
702 3189 819 3288 potius
840 3191 1082 3289 magistratum
1109 3189 1359 3276 domesticum,
1399 3186 1601 3262 metuebant
1638 3187 1743 3276 servi,
1782 3189 1986 3264 verebantur
2023 3191 2141 3282 liberi,

617 3307 828 3408 suspiciebat
849 3333 945 3384 uxor.
998 3309 1041 3383 In
1066 3309 1211 3396 liberos,
1237 3318 1277 3384 ut
1296 3309 1475 3407 cognitum
1495 3318 1568 3398 est,
1594 3317 1745 3408 potestas
1766 3318 1839 3386 erat
1861 3311 1958 3402 talis,
1984 3315 2142 3390 utnulla

615 3451 730 3527 neque
751 3452 854 3503 sexus
875 3451 990 3528 neque
1016 3429 1138 3503 aetatis
1157 3452 1270 3528 neque
1292 3427 1473 3527 dignitatis
1494 3429 1624 3503 ratione
1645 3427 1782 3517 habita,
1802 3429 1897 3504 haud
1917 3441 2140 3532 accusatque

617 3571 732 3624 servos
756 3555 793 3622 et
817 3547 998 3637 animalia,
1034 3556 1151 3647 posset
1182 3572 1240 3622 eos
1272 3548 1383 3646 pretio
1410 3548 1623 3647 mancipare,
1650 3549 1754 3649 virgis
1780 3549 1940 3640 caedere,
1967 3553 2002 3626 in
2028 3577 2138 3628 carce·

616 3693 690 3742 rem
726 3667 927 3758 detrudere,
966 3669 1110 3768 impune
1146 3692 1277 3742 necare.
1328 3667 1572 3765 Tyrannieam,
1611 3668 1748 3766 inquies
1780 3677 1816 3743 et
1843 3671 1898 3744 vix
1927 3670 2138 3746 tolerabilem

618 3787 906 3862 dominationem!
958 3787 1088 3863 Cavete
1114 3795 1231 3861 tamen
1266 3788 1415 3885 putetis,
1449 3787 1486 3861 id
1519 3787 1614 3885 quod
1638 3789 1714 3862 iure
1740 3798 1813 3864 erat
1846 3790 1998 3878 licitum,
2033 3791 2137 3866 etiam

617 3907 762 3982 honeste
797 3905 904 3981 luisse
941 3905 1101 3983 habitum
1130 3931 1266 4005 usuque
1299 3897 1414 3981 rerum
1442 3905 1645 3985 obtinuisse.
1695 3908 1802 3986 Quod
1837 3910 1873 3983 ni
1906 3909 2139 4009 prohibuisset
2223 3921 2226 3925 '

615 4027 720 4102 insita
745 4025 947 4127 parentibus
980 4052 1063 4126 erga
1093 4025 1218 4101 liberos
1241 4026 1382 4114 caritas,
1417 4025 1647 4125 prohibebant
1672 4028 1832 4102 instituta
1866 4027 1995 4128 quibus
2020 4030 2136 4130 legum

615 4145 708 4245 rigor
743 4154 779 4220 et
814 4147 974 4221 serentes
1007 4133 1277 4246 mitigabantur,
1320 4145 1530 4220 thibebat
1564 4170 1690 4244 nempe
1723 4147 1817 4245 qnod
1853 4173 1896 4221 er
1934 4150 2138 4248 propinquis

616 4263 796 4340 constabat
817 4266 1018 4356 consilium,
1045 4267 1118 4341 siue
1143 4268 1242 4346 ouius
1269 4269 1465 4341 interventu
1488 4267 1538 4340 nil
1560 4267 1700 4366 gravius
1722 4267 1766 4342 ad
1791 4266 1935 4341 domum
1960 4269 2136 4369 pertinens

617 4386 724 4461 statui
747 4393 892 4485 poterat.
942 4388 1153 4462 Prohibebat
1184 4365 1358 4488 praeterea
1383 4411 1515 4475 censor,
1554 4387 1617 4485 qui
1649 4385 1748 4459 dum
1782 4385 1950 4462 aerarium
1988 4389 2136 4466 faciebat
2206 4389 2210 4398 '

409 4493 412 4500 ⁴
495 4529 497 4535 ⁴
616 4506 785 4604 equitem,
810 4507 871 4603 qui
892 4531 1020 4604 equum
1050 4507 1227 4585 habuisset
1250 4507 1477 4607 gracilentum
1503 4505 1556 4578 vel
1579 4505 1686 4581 alium
1710 4527 1885 4604 quemque
1907 4507 2037 4595 civem,
2073 4507 2136 4605 qui

615 4649 738 4726 agrum
762 4649 868 4700 suum
891 4627 1085 4702 sordescere
1108 4653 1232 4727 passus
1253 4627 1373 4715 luerit,
1399 4635 1490 4700 certe
1511 4625 1547 4698 in
1572 4624 1695 4699 liberos
1713 4625 1780 4699 nisi
1801 4624 1837 4697 in
1858 4624 1964 4698 atroci
1985 4624 2135 4701 facinore

615 4745 862 4846 deprehensos,
888 4746 1064 4822 saevitiam
1094 4747 1299 4846 impunitam
1326 4769 1394 4820 non
1419 4745 1568 4844 reliquit.

663 4867 707 4940 In
740 4889 881 4941 uxorem
918 4875 1074 4965 quoque·
1089 4868 1120 4940 si
1151 4891 1222 4941 uno
1252 4889 1295 4941 ex
1327 4865 1440 4940 tribus
1471 4865 1617 4964 coguitis
1650 4865 1762 4940 modis
1790 4865 1825 4937 in
1853 4888 1996 4939 manum
2021 4865 2135 4939 mariti
