4984 6286
656 737 698 804 16
1182 735 1652 805 1.E.G01l1tsl11T

657 946 742 1045 quin
765 969 845 1020 oum
866 943 909 1017 iis
936 941 997 1042 qui
1026 965 1147 1042 usuras
1173 944 1369 1044 exegissent
1391 971 1453 1047 per
1482 971 1606 1023 manus
1629 945 1847 1020 iniectionem
1875 953 2044 1046 ageretur.
2095 947 2177 1022 Ore·

659 1065 785 1140 ditione
808 1064 895 1138 forte
921 1062 1128 1137 Auditoresl
1165 1063 1209 1138 ab
1236 1089 1276 1139 eo
1301 1066 1383 1141 iude
1417 1075 1569 1168 tempore
1605 1091 1789 1167 generosos
1822 1066 1899 1142 illos
1930 1067 2178 1158 foeneratores,

658 1208 844 1285 egenorum
869 1183 1164 1258 commiseratione
1193 1193 1303 1260 motos
1342 1211 1504 1262 nummos
1540 1212 1620 1262 suos
1644 1186 1719 1261 sine
1745 1185 1816 1262 ulla
1850 1187 2006 1264 mercede
2039 1197 2179 1264 mutuos

657 1305 819 1380 dedisse?
871 1302 1002 1378 Audite
1028 1303 1185 1379 Tacitum
1209 1303 1359 1403 grauiter
1386 1315 1426 1382 ut
1449 1307 1534 1382 solet
1562 1315 1764 1406 querentem
1804 1307 1931 1383 evetita
1958 1333 2064 1385 usura
2091 1308 2179 1385 mul·

655 1426 770 1523 tisque
796 1423 985 1522 plebiscitis
1012 1422 1152 1496 obviam
1174 1425 1264 1499 itum
1295 1425 1494 1518 fraudibus,
1530 1453 1617 1527 quae
1641 1429 1742 1502 toties
1771 1452 1944 1528 repressae
1981 1429 2085 1504 miras
2119 1453 2181 1529 per

656 1553 747 1620 artes
768 1568 887 1618 rursus
909 1540 1143 1618 oriebantur.”
1195 1544 1287 1622 Quis
1320 1545 1428 1645 igitur
1460 1547 1526 1621 fuit
1552 1547 1638 1646 legis
1663 1547 1766 1622 huius
1790 1548 1988 1646 repentinae
2014 1550 2178 1639 effectus,

657 1665 725 1741 uisi
754 1664 829 1754 hio,
867 1672 906 1738 ut
943 1664 1078 1761 partim
1106 1665 1315 1739 adimeretur
1345 1665 1540 1742 subsidium
1567 1668 1703 1768 inopiae
1728 1668 1970 1768 temporariae,
2008 1694 2078 1768 quo
2110 1669 2180 1745 vita

657 1784 850 1861 eommunis
875 1807 976 1883 egere
1002 1783 1143 1881 nequit,
1170 1785 1294 1883 partim
1321 1810 1382 1885 per
1408 1785 1547 1861 fraudes
1578 1795 1613 1861 et
1642 1787 1714 1862 vias
1745 1789 1896 1864 occultas
1922 1789 1959 1864 iu
1993 1789 2177 1888 perniciem

657 1931 776 1981 eorum
797 1905 951 2003 ipsorum
982 1904 1109 2002 quibus
1143 1928 1180 1976 se
1215 1928 1410 1978 succurrere
1435 1905 1709 2000 existimassent,
1733 1905 1770 1980 id
1794 1915 2058 2006 perpetraretur,
2084 1907 2178 2006 quod

658 2053 703 2101 ne
727 2027 840 2125 palam
864 2026 962 2099 lieret
986 2023 1230 2123 intempestive
1255 2023 1523 2123 prohibuerant?

705 2146 814 2221 Ahud
848 2142 1069 2219 memorabile
1105 2151 1157 2218 est
1195 2142 1391 2241 exemplum
1428 2144 1473 2218 ad
1504 2143 1595 2218 idem
1630 2151 1874 2243 argumentum
1907 2146 2101 2244 pertinens,
2135 2171 2178 2221 ex

656 2275 772 2342 nostro
801 2265 876 2338 iure
911 2264 1122 2364 desumtum.
1185 2260 1348 2336 Seculum
1383 2262 1454 2337 fere
1486 2273 1540 2336 est
1572 2289 1613 2338 ex
1643 2288 1714 2362 quo
1740 2264 1830 2338 inter
1854 2264 1981 2363 peritos
2004 2267 2177 2357 constitit,

654 2409 774 2463 omues
807 2383 901 2482 leges
931 2381 1108 2457 foenebres
1137 2382 1277 2481 penitus
1309 2406 1384 2456 esse
1410 2382 1615 2473 abolendas,
1642 2408 1683 2459 eo
1707 2385 1927 2483 potissimum
1954 2395 2177 2485 argumento,

654 2507 747 2606 quod
773 2511 944 2602 quantum
966 2527 1029 2602 pro
1052 2527 1118 2577 usu
1138 2502 1305 2602 pecuniae
1330 2511 1531 2578 numeratae
1551 2513 1591 2578 ut
1610 2529 1673 2604 pro
1701 2504 1842 2578 alterius
1863 2505 2013 2580 cuiusvis
2033 2507 2176 2596 merois,

654 2626 712 2701 oui
739 2623 884 2723 pecunia
906 2631 959 2697 est
982 2621 1264 2709 annumeranda,
1290 2620 1376 2696 solvi
1399 2620 1545 2712 debeat,
1570 2647 1638 2698 nou
1664 2623 1909 2722 alegislatoris
1933 2623 2074 2700 arbitrio
2092 2649 2175 2725 pen·

654 2746 756 2832 dere,
790 2742 852 2818 sed
883 2749 995 2816 totum
1020 2741 1115 2815 istud
1141 2741 1321 2841 negotium
1347 2743 1621 2816 contrahentium
1646 2743 1815 2818 voluntati
1840 2743 1988 2844 relinqui
2010 2754 2174 2845 oporteat.

653 2867 734 2945 Qua
759 2863 914 2938 doctrina
938 2887 1149 2961 quamquam
1173 2861 1330 2936 universe
1354 2862 1515 2959 probata,
1542 2871 1658 2937 tamen
1682 2863 1737 2937 lar
1760 2871 1876 2938 nostra
1900 2864 2073 2939 faenebris
2094 2891 2175 2941 oum

652 2983 747 3059 omni
766 2983 892 3057 damno
911 2983 944 3055 ei
966 2981 1187 3070 cohaerente,
1213 2980 1249 3054 in
1274 2980 1385 3079 patria
1406 2989 1523 3062 nostra
1548 2983 1661 3082 vigere
1682 2984 1933 3081 perseveravit,
1961 2984 2070 3059 doneo
2094 2993 2175 3062 ante

651 3129 779 3206 paucos
811 3103 943 3202 aliquot
974 3126 1081 3176 annos
1113 3101 1147 3174 in
1182 3100 1311 3201 Anglia
1346 3109 1486 3201 repente
1510 3103 1643 3177 exstitit
1664 3103 1780 3202 inopia
1808 3097 2020 3194 nummaria,
2047 3130 2116 3205 qua
2137 3105 2174 3179 in

650 3249 764 3300 rerum
802 3221 1005 3295 commercio
1042 3244 1226 3295 usurarum
1268 3222 1396 3294 modus
1424 3221 1459 3296 in
1501 3221 1710 3297 immensum
1744 3231 1905 3300 creverat.
1966 3226 2047 3302 Quo
2084 3225 2175 3302 faoto

650 3348 843 3420 commotus
877 3341 1049 3440 legislator
1083 3340 1199 3414 subito
1234 3339 1353 3429 scivit,
1393 3342 1493 3415 utin
1524 3341 1700 3418 inlinitum
1728 3343 1902 3418 foenerare
1924 3343 2051 3419 liceret.
2104 3346 2174 3420 Sed

651 3465 715 3540 hae
746 3461 923 3560 repentina
955 3460 1031 3560 lege
1067 3460 1318 3536 inconsiderate
1345 3468 1380 3536 et
1403 3461 1604 3537 festinanter
1629 3463 1789 3553 ferenda,
1814 3463 2043 3554 obliviscitur,
2069 3465 2172 3541 aliam

652 3606 828 3682 superesse
864 3581 975 3680 legem
1008 3581 1127 3654 eodem
1160 3605 1299 3680 prorsus
1328 3581 1555 3657 fundamento
1587 3583 1794 3673 tollendam,
1829 3608 1919 3682 quae
1948 3593 2059 3673 vetat,
2085 3610 2171 3683 quo·

605 3789 609 3796 ,
651 3703 767 3778 minus
800 3700 952 3800 exceptis
985 3699 1193 3800 quibusdam
1227 3701 1364 3776 casibus
1396 3726 1579 3778 usurarum
1614 3729 1738 3781 usurae
1767 3703 1952 3804 exigantur
1980 3704 2171 3805 statuitque

652 3830 692 3898 ut
722 3844 856 3921 semper
887 3820 1117 3894 anatocismus
1149 3820 1193 3894 sit
1226 3821 1495 3913 anniversarius,
1530 3824 1616 3899 adeo
1643 3833 1682 3898 ut
1701 3849 1795 3900 nunc
1823 3824 1867 3899 de
1893 3823 2006 3898 usuris
2029 3831 2170 3898 utamur

650 3943 740 4030 iure,
766 3940 861 4039 quod
883 3965 945 4014 uec
966 3940 1058 4014 sauia
1078 3941 1313 4016 oeconomioes
1338 3943 1513 4042 principiis
1535 3945 1693 4043 congruit
1717 3969 1781 4020 nec
1799 3943 1865 4018 sibi
1886 3943 2002 4041 ipsum
2023 3950 2167 4020 oousmt.

697 4180 805 4256 Aliud
842 4179 993 4254 desidiae
1025 4203 1138 4279 genus
1169 4179 1268 4254 euius
1302 4204 1338 4254 se
1370 4205 1446 4256 reos
1478 4182 1609 4257 facium
1630 4182 1859 4282 legislatores,
1886 4181 1950 4257 hoo
1974 4189 2046 4271 est,
2072 4182 2166 4281 quod

649 4301 742 4401 leges
781 4324 870 4399 quae
907 4299 1061 4374 nouuissi
1100 4298 1321 4398 temporalem
1356 4300 1553 4377 habuerunt
1587 4301 1846 4390 necessitatem,
1885 4301 1947 4377 diu
1966 4309 2166 4401 'postquam

649 4445 752 4498 eausa
784 4419 916 4493 ferendi
946 4420 1127 4495 cessaverit
1155 4419 1310 4494 obtinere
1337 4421 1535 4519 patiuntur,
1573 4419 1784 4522 quamquam
1808 4445 1910 4496 nemo
1936 4422 2085 4520 amplius
2107 4447 2165 4498 eas

627 4525 801 4640 cogitet,
834 4539 975 4614 nedum.
994 4539 1225 4614 obedientiam
1257 4539 1300 4612 iis
1330 4547 1492 4638 praestet.
1532 4541 1588 4617 Sic
1613 4566 1643 4618 v.
1657 4567 1686 4618 c.
1709 4541 1761 4618 vel
1781 4541 1954 4641 hodieque
1981 4539 2077 4639 apud
2102 4565 2165 4617 nos

650 4668 806 4762 superest
824 4650 898 4748 leri,
933 4683 1002 4758 qua
1022 4660 1101 4758 quis
1128 4668 1261 4734 vetatur
1286 4659 1357 4734 lilio
1380 4661 1511 4737 filiaeve
1531 4687 1739 4763 praenomen
1762 4662 1865 4750 dare,
1889 4660 1957 4736 nisi
1983 4659 2029 4734 sit
2054 4684 2163 4735 uuum

651 4807 691 4857 ex
722 4780 789 4855 illis
820 4805 908 4878 qnae
940 4781 992 4854 vel
1021 4789 1204 4856 occurrunt
1238 4781 1273 4852 iu
1305 4780 1405 4856 variis
1435 4807 1523 4882 quae
1550 4783 1713 4859 dicuntur
1736 4779 1958 4870 calendariis,
1989 4779 2043 4853 rel
2064 4779 2163 4853 iuno·

652 4906 794 4974 tuoruut
827 4925 868 4974 ex
902 4901 1007 4975 veteri
1040 4899 1199 4990 historia,
1234 4924 1340 4998 quam
1364 4901 1492 4978 seilicet
1516 4903 1667 4980 cuiusvis
1692 4901 1774 5001 pagi
1796 4899 1947 4976 officialis
1971 4906 2011 4975 ut
2035 4897 2162 4998 digitos
