4984 6286
614 694 657 760 22
1143 693 1613 761 1.u.G0uusu1u

666 903 901 991 Bibliotheca,
935 901 992 975 cui
1024 925 1164 976 omnem
1197 927 1298 978 suam
1328 902 1546 1002 diligentiam
1567 907 1604 978 et
1625 925 1746 976 curam
1767 900 1939 1000 impendit
1959 901 2013 977 Ol.
2039 901 2143 1003 Pluy-

614 1048 714 1122 gers,
750 1023 784 1098 in
821 1021 895 1096 dies
928 1021 1156 1121 locupletatur
1188 1032 1223 1100 et
1257 1048 1394 1100 summa
1426 1022 1632 1098 liberalitate
1665 1022 1830 1098 omnibus
1866 1021 2143 1100 desiderantibus
2227 1079 2253 1106 .-

615 1143 748 1217 aditum
775 1141 830 1216 sui
854 1141 1027 1240 patefacit.

665 1263 798 1338 Hortus
831 1261 1013 1338 botanicua
1045 1261 1089 1337 ab
1119 1263 1269 1340 utilitate
1291 1273 1326 1340 et
1350 1265 1518 1339 suavitate
1541 1263 1728 1363 probatus,
1754 1289 1835 1339 mox
1855 1261 2036 1340 ornabitur
2056 1286 2144 1338 nouo

616 1384 846 1459 instrumento
871 1383 999 1482 plantis
1024 1384 1236 1481 aquatilibus
1260 1382 1413 1461 colendis
1437 1390 1529 1482 apta.

667 1500 814 1603 Speculo
849 1504 1108 1593 Astronomice,
1144 1504 1230 1603 quid
1262 1513 1298 1579 et
1335 1511 1504 1604 quantum
1547 1512 1719 1602 praestet,
1756 1529 1799 1578 ne
1836 1505 1984 1604 quaesol
2025 1512 2144 1605 rogate

615 1625 802 1700 Kaiserum
828 1630 1004 1712 nostrum,
1031 1623 1141 1699 virum
1169 1649 1249 1724 prae
1278 1625 1399 1700 ceteris
1428 1622 1615 1714 eximium,
1641 1625 1702 1698 sed
1727 1631 1866 1700 tantum
1894 1651 1916 1700 a
1937 1633 2046 1700 semet
2068 1626 2144 1726 ipso

617 1745 834 1843 exigentem,
872 1751 911 1816 ut
941 1767 1022 1818 cum
1057 1744 1221 1819 omnibus
1257 1770 1413 1846 semper,
1452 1744 1518 1820 sibi
1549 1769 1744 1843 numquam
1770 1745 1973 1836 satisfaciat,
2006 1745 2091 1845 quin
2115 1745 2144 1820 si

618 1865 734 1964 ipsum
766 1871 967 1962 querentem
1000 1863 1170 1953 audiatis,
1206 1890 1242 1940 sa
1263 1866 1395 1941 frustra
1421 1866 1563 1940 sudasse
1583 1874 1621 1940 et
1644 1865 1826 1964 plerosque
1852 1865 1941 1940 vitae
1965 1889 2048 1940 sune
2071 1865 2146 1939 dies

618 1984 810 2084 perdidisse
846 1982 942 2058 vobis
973 1983 1135 2058 narrabit.
1187 1984 1242 2058 Ne
1282 1984 1388 2060 ullam
1421 1985 1527 2059 fidem
1560 1983 1592 2058 ei
1623 1983 1784 2059 habetote
1810 1984 2013 2060 Auditoresl
2040 1983 2071 2057 si
2101 1982 2145 2057 de

620 2104 758 2205 specula
790 2111 826 2177 et
852 2103 896 2177 de
929 2103 1144 2203 speculatore
1176 2103 1262 2202 quid
1295 2128 1417 2180 verum
1444 2103 1508 2192 sit,
1534 2103 1620 2178 scire
1642 2103 1774 2195 velitis,
1801 2111 1920 2204 rogato
1942 2129 2002 2180 eos
2025 2101 2144 2202 quiin
2223 2084 2230 2100 ⁹

620 2235 693 2300 toto
718 2224 819 2298 docto
844 2223 1020 2298 literarum
1046 2223 1129 2298 orbe
1155 2223 1279 2299 harum
1304 2248 1418 2299 rerum
1444 2231 1526 2298 sunt
1549 2223 1693 2299 iudices.

669 2345 722 2419 De
759 2344 965 2448 Nosocomio
993 2351 1130 2418 cessant
1159 2343 1335 2441 querelae,
1372 2369 1393 2418 a
1427 2342 1549 2440 quovis
1578 2350 1708 2419 rectore
1736 2342 1922 2442 quotannis
1947 2349 1986 2415 ut
2008 2361 2146 2416 carmen

620 2465 849 2541 necessarium
886 2465 1062 2564 repetitae.
1128 2463 1228 2563 Opus
1267 2463 1410 2562 quidem
1448 2463 1603 2539 nondum
1644 2471 1697 2538 est
1732 2461 1945 2561 perfectum,
1987 2459 2146 2536 rnullum

621 2584 733 2674 enim,
760 2593 800 2658 ut
819 2584 868 2659 ait
883 2586 1001 2674 Ictus,
1028 2583 1212 2674 balneum,
1237 2593 1299 2659 aut
1318 2585 1513 2674 theatrum,
1539 2593 1600 2660 aut
1619 2583 1770 2659 stadium
1790 2581 1911 2657 fecisse
1930 2579 2146 2680 intelligitur,

621 2704 683 2804 qui
711 2704 748 2778 ei
777 2702 951 2804 propriam
981 2704 1149 2794 formam,
1182 2729 1272 2804 quac
1303 2732 1347 2781 ex
1369 2704 1666 2781 consummatione
1690 2703 1862 2804 contingit
1884 2727 1953 2784 non
1978 2700 2147 2780 dederit.''

621 2823 691 2898 Sed
713 2823 840 2898 arridet
862 2823 962 2898 nobis
985 2850 1083 2924 spes,
1109 2825 1200 2913 lore,
1229 2832 1269 2899 ut
1291 2825 1382 2900 intra
1404 2824 1506 2898 breve
1526 2830 1664 2923 tempus
1686 2824 1850 2900 omnibus
1871 2823 1978 2922 copiis
1999 2823 2146 2898 instruc·

622 2951 697 3019 tum
731 2943 796 3018 erit
828 2943 1025 3019 aedificium
1049 2945 1180 3044 patria,
1213 2943 1424 3035 Academia,
1455 2968 1593 3020 summo
1612 2944 1838 3020 Boerhavenii
1862 2942 2022 3031 nomine,
2047 2941 2147 3016 cuius

622 3073 736 3140 statua
760 3065 959 3154 ornabitur,
986 3065 1144 3165 dignum.

672 3185 778 3264 Quod
805 3209 883 3259 cum
907 3185 987 3273 fiet,
1013 3185 1071 3259 cui
1094 3185 1131 3259 id
1159 3185 1270 3284 magis
1292 3185 1492 3274 debebitur,
1527 3209 1632 3284 quam
1657 3183 1722 3258 tibi
1744 3184 1797 3260 ul.
1824 3184 1951 3273 Evers,
1983 3181 2027 3256 de
2047 3181 2147 3256 cuius

624 3304 734 3380 salute
771 3312 811 3377 ut
852 3303 949 3378 luere
982 3305 1043 3402 qui
1078 3304 1252 3405 superiore
1290 3329 1381 3380 anuo
1401 3304 1654 3405 desperarent,
1702 3304 1751 3380 sic
1789 3311 1824 3380 te
1861 3303 1964 3378 bodie
2004 3301 2149 3403 integris

622 3424 773 3524 corporis
803 3423 980 3523 animique
1012 3425 1142 3499 viribus
1174 3425 1275 3500 nobis
1301 3425 1467 3500 interesse
1491 3450 1611 3526 omnes
1634 3424 1841 3526 gaudemus.
1891 3425 1948 3499 Tu
1968 3423 2081 3512 enim,
2109 3429 2148 3498 ut

623 3545 689 3620 alia
721 3553 782 3620 tua
816 3551 966 3635 taceam,
1003 3553 1063 3620 tuo
1097 3544 1269 3620 indefesso
1298 3556 1334 3620 et
1370 3570 1564 3645 numquam
1590 3546 1783 3645 interrupto
1806 3544 1942 3635 labore,
1972 3542 2148 3644 rogando,

622 3665 793 3766 petendo,
826 3664 1035 3768 flagitando,
1070 3665 1302 3759 blandiendo,
1335 3665 1546 3766 pollicendo,
1571 3665 1785 3756 minitando,
1810 3665 1848 3740 id
1874 3663 2016 3740 tandem
2039 3663 2148 3761 impe·

624 3786 741 3876 tracti,
775 3784 870 3884 quod
896 3784 955 3860 alii
984 3769 1066 3860 ante
1092 3791 1127 3859 te
1150 3785 1278 3862 frustra
1303 3785 1418 3862 conati
1438 3793 1558 3877 erant,
1586 3795 1625 3862 ut
1647 3811 1715 3862 usu
1738 3786 1993 3887 aegrotantium
2017 3791 2054 3858 et
2079 3780 2149 3856 dis·

623 3905 775 3980 centium
809 3912 845 3978 et
879 3905 1077 3979 docentium
1108 3905 1315 3981 eximeretur
1346 3906 1433 3981 illud
1457 3906 1552 4005 quod
1578 3906 1846 4006 nuncupabatur
1871 3904 2013 4005 quidem
2036 3904 2149 3978 Noso·
2189 4005 2193 4011 Ι

624 4025 794 4115 carnium,
820 4025 881 4100 sed
906 4026 949 4100 de
971 4025 1070 4100 cuins
1096 4025 1186 4101 tristi
1211 4027 1334 4102 habitu
1357 4033 1394 4102 et
1417 4025 1633 4121 conditione,
1660 4051 1730 4102 una
1753 4025 1910 4103 omnium
1934 4023 2149 4099 eruditorum

625 4155 698 4221 erat
733 4171 821 4234 vox,
854 4144 940 4244 quin
972 4144 1016 4219 de
1053 4171 1123 4245 quo
1150 4147 1309 4222 nonnulli
1334 4146 1598 4237 minabantur,
1634 4148 1664 4222 si
1685 4146 1774 4223 forte
1799 4147 1909 4246 (quod
1925 4145 2031 4222 Deus
2054 4165 2149 4218 aver·

627 4273 750 4359 teret),
776 4265 959 4342 vehemens
983 4267 1109 4366 aliquis
1132 4266 1273 4342 morbus
1295 4292 1356 4367 per
1379 4266 1499 4342 urbem
1525 4275 1753 4367 grassaretur,
1780 4266 1826 4344 ad
1848 4265 1936 4342 illud
1957 4287 2148 4342 accommo-

626 4385 746 4460 datum
771 4385 833 4474 iri,
859 4386 953 4484 quod
977 4387 1101 4462 cecinit
1127 4394 1248 4487 poete:

936 4554 1026 4643 Spem
1049 4555 1193 4646 deponite
1216 4579 1289 4641 vos,
1312 4557 1413 4626 miseri
1436 4557 1491 4645 qui
1513 4557 1672 4642 acceditis,
1698 4579 1829 4627 omnem.

675 4739 754 4816 Hoc
784 4747 825 4815 tu
860 4763 961 4816 omen
996 4767 1016 4816 a
1048 4742 1148 4818 nobis
1181 4743 1334 4819 avertisti
1358 4749 1394 4817 et
1416 4744 1623 4820 Academiae
1647 4769 1775 4822 norum
1804 4733 2022 4842 splendorem
2048 4737 2151 4816 adiici

628 4860 773 4952 curasti,
800 4885 880 4937 cum
906 4887 976 4960 quo
1001 4869 1103 4937 tuum
1129 4887 1255 4942 nomen
1282 4872 1449 4965 perpetuo
1470 4864 1535 4940 erit
1561 4865 1795 4944 coniunctum.
