4984 6286
634 699 678 768 20
1149 690 1614 760 1.E.GOUnsM1T

635 906 716 982 Imo
744 904 793 979 nil
818 901 929 1002 magis
954 923 1095 989 verum,
1127 900 1230 976 modo
1261 900 1428 979 iudicium
1459 927 1528 979 non
1554 900 1741 1002 dirigatur,
1768 926 1831 978 nec
1852 926 1972 980 norma
1997 905 2157 1006 exigatur

636 1028 682 1106 ad
712 1024 866 1124 singulas
894 1046 983 1122 quae
1016 1019 1118 1096 nobis
1151 1045 1226 1096 esse
1260 1021 1428 1116 obiiciunt
1451 1023 1564 1123 leges,
1599 1021 1694 1096 nulla
1714 1021 1832 1098 habita
1855 1023 1986 1100 ratione
2010 1028 2165 1107 aliorum-

635 1148 892 1234 institutorum,
929 1167 1018 1242 quae
1055 1166 1174 1217 earum
1213 1141 1283 1218 vim
1320 1149 1514 1243 temperant
1541 1149 1575 1217 et
1608 1142 1849 1233 moderantur,
1882 1144 1943 1220 sed
1968 1147 2085 1245 potius
2109 1151 2157 1226 sic

632 1273 828 1355 statuatur,
860 1263 975 1365 prouti
998 1263 1149 1364 populus
1170 1263 1264 1362 leges
1295 1287 1376 1338 suas
1402 1263 1530 1339 autad
1554 1287 1636 1337 suae
1658 1263 1800 1353 aetatis,
1824 1263 1975 1363 ingenii,
2002 1292 2156 1361 morum,

634 1386 772 1462 vivendi
807 1385 973 1460 rationem
1010 1383 1221 1459 conformare
1255 1384 1383 1474 valeat,
1417 1391 1479 1458 aut
1515 1391 1633 1460 contra
1660 1382 1825 1483 plurimas
1854 1409 2001 1484 quarum
2034 1387 2157 1465 funda·

635 1514 793 1583 mentum
818 1513 873 1580 est
895 1529 1050 1580 eversum
1080 1504 1252 1580 eutrotia
1279 1504 1440 1594 evanuit,
1465 1504 1617 1602 integras
1641 1503 1856 1603 intactaeque
1885 1530 2022 1582 manere
2047 1510 2157 1601 siuet,

632 1626 682 1702 ita
716 1651 797 1702 eum
831 1626 885 1702 vel
921 1625 1046 1726 vigoris
1079 1623 1205 1714 virilis,
1239 1625 1292 1699 vel
1328 1625 1539 1700 senescentis
1570 1623 1693 1700 aetatis
1717 1625 1953 1702 testimonium
1982 1629 2156 1726 praebere,

633 1745 702 1821 Vix
725 1746 816 1822 enim
843 1745 928 1846 quid
950 1745 1175 1846 periculosius
1198 1745 1386 1844 excogitari
1409 1752 1543 1846 potest,
1579 1768 1684 1843 quam
1708 1745 1738 1818 si
1761 1745 1854 1845 leges
1880 1757 1942 1823 aut
1964 1758 2157 1828 contemtus

633 1867 786 1957 iaceant,
820 1874 882 1942 aut
903 1891 924 1941 a
948 1866 1119 1966 plerisque
1147 1865 1342 1941 eludantur.
1392 1867 1439 1940 Et
1461 1891 1531 1964 quo
1560 1865 1706 1965 quaesol
1733 1865 1808 1940 iure
1832 1865 2006 1966 legislator
2029 1873 2157 1946 a'sub·

634 1985 716 2064 ditis
751 1986 983 2061 obedientiam
1021 1985 1156 2085 exigat,
1195 2010 1303 2085 quum
1344 2010 1407 2060 sua
1439 1986 1514 2085 ipse
1549 1987 1650 2084 culpa
1688 2011 1709 2060 a
1742 2011 1778 2060 ec
1814 1985 1951 2063 deflecti
1979 1991 2156 2089 patiatur?

633 2108 755 2185 Quum
787 2114 961 2207 praeterea
991 2129 1070 2180 vera
1104 2105 1244 2181 libertas
1274 2130 1315 2180 eo
1347 2113 1501 2194 constet,
1533 2113 1574 2180 ut
1608 2129 1729 2180 omnes
1758 2105 1874 2204 legum
1909 2110 1998 2182 servi
2031 2111 2157 2202 simus,

633 2250 674 2301 ea
711 2251 781 2326 qua
812 2225 966 2326 plerique
1002 2251 1038 2299 se
1070 2224 1205 2322 legibus
1237 2225 1367 2300 solutos
1392 2250 1467 2300 esse
1492 2250 1630 2301 censere
1662 2223 1815 2323 possint,
1849 2249 1918 2300 non
1944 2238 1997 2304 est
2022 2256 2100 2307 vera
2122 2241 2158 2308 et

633 2343 733 2418 unice
757 2343 909 2443 optanda
933 2342 1094 2433 libertas,
1120 2343 1181 2417 sed
1206 2343 1372 2418 effrenata
1398 2345 1564 2443 peccandi
1588 2344 1735 2422 licentia.

681 2463 741 2539 Ad
772 2462 947 2562 quoduam
981 2463 1187 2563 populorum
1221 2488 1332 2563 genus
1358 2473 1512 2540 nostrum
1538 2465 1710 2540 reseram?
1746 2466 1848 2566 Piget
1869 2467 1992 2546 dicere.
2044 2471 2157 2551 Quid·

632 2583 719 2683 quid
741 2583 840 2657 nobis
861 2607 1063 2673 sumimur,
1089 2583 1223 2673 literas,
1244 2585 1432 2659 multarum
1452 2585 1578 2659 artium
1601 2585 1834 2684 disciplinam,
1862 2588 2030 2686 plurimas
2050 2591 2159 2668 animi

631 2689 832 2804 ingeniique
872 2703 990 2793 dotes,
1027 2704 1062 2779 iu
1097 2703 1171 2777 iure
1204 2712 1321 2778 nostro
1358 2702 1547 2778 ordinando
1584 2725 1697 2800 neque
1735 2703 1887 2780 multum
1927 2708 2156 2806 proiecimus,

631 2846 744 2923 neque
768 2824 843 2924 pari
870 2823 982 2924 gradu
1003 2847 1083 2898 cum
1111 2824 1187 2898 aliis
1209 2823 1393 2922 gentibus,
1431 2821 1612 2921 praecipue
1637 2846 1718 2898 cum
1741 2825 1924 2900 Germanis
1950 2829 2012 2926 qui
2035 2833 2156 2906 ceteris

631 2945 793 3028 omnibus
819 2943 970 3044 palmam
996 2943 1278 3042 praeripuerunt,
1303 2943 1477 3042 progressi
1501 2967 1633 3018 sumus.
1685 2942 1795 3018 Cuius
1817 2945 1867 3018 rei
1892 2971 2012 3021 causas
2037 2950 2153 3049 expla-

631 3087 713 3140 nare
748 3087 864 3139 mcum
900 3087 968 3139 non
1008 3069 1080 3152 est,
1114 3087 1155 3138 eo
1188 3062 1305 3136 minus
1336 3062 1430 3161 quod
1459 3087 1538 3136 cum
1565 3062 1635 3137 alio
1659 3061 1733 3137 loco
1762 3070 1797 3137 et
1824 3068 2081 3164 opportunitate
2111 3070 2155 3146 de

632 3183 753 3259 eodem
792 3190 997 3282 argumento
1030 3183 1133 3257 verba
1166 3181 1253 3271 leci,
1292 3190 1367 3257 tum
1405 3183 1509 3257 etiam
1541 3181 1636 3280 quod
1670 3182 1740 3258 iam
1767 3184 1886 3259 melior
1913 3187 2014 3262 nobis
2040 3188 2156 3264 illuxit

631 3303 715 3381 dies.
768 3303 962 3393 Sentimus,
997 3326 1067 3401 quo
1089 3302 1306 3392 laboramus,
1332 3303 1483 3391 malum,
1508 3310 1543 3376 et
1567 3301 1777 3376 adhibentur
1801 3305 1973 3398 remedia,
2000 3305 2043 3381 de
2068 3334 2154 3407 quo·
2280 3293 2286 3307 ⁹

631 3449 710 3501 rum
741 3423 960 3512 efficacitate,
994 3423 1032 3496 ni
1053 3423 1169 3497 omnia
1192 3421 1336 3512 tollunt,
1369 3447 1439 3497 non
1467 3422 1636 3520 estquod
1663 3421 1894 3522 desperemus.
1947 3425 2067 3504 Unum
2091 3429 2155 3505 hoo

631 3544 758 3621 addere
792 3543 908 3632 liccat,
945 3543 1040 3642 quod
1072 3543 1221 3643 pertinet
1255 3545 1301 3618 ad
1334 3543 1485 3618 officium
1523 3566 1641 3617 eorum
1678 3543 1740 3641 qui
1774 3543 1830 3617 ius
1864 3544 1995 3622 dicunt.
2045 3549 2154 3627 Pravo

632 3689 757 3764 nempe
787 3673 823 3740 et
857 3687 927 3740 non
963 3663 1046 3738 eatis
1080 3663 1286 3762 exagitanda
1323 3672 1376 3738 est
1411 3662 1625 3738 consuetudo
1657 3663 1925 3756 nonnullorum,
1959 3667 2040 3766 qui,
2074 3695 2155 3747 cum

632 3785 700 3860 illis
722 3783 777 3859 ius
804 3791 856 3860 est
881 3783 1069 3858 dicendum
1095 3783 1285 3859 secundum
1311 3783 1425 3882 legem
1447 3784 1599 3882 ipsorum
1627 3782 1755 3857 iudicio
1775 3783 1897 3860 duram
1923 3787 1977 3860 vel
1999 3787 2155 3887 iniquam

633 3928 696 3980 seu
731 3903 834 4004 vulgo
871 3909 1102 3992 contemtum,
1139 3927 1235 3993 cam,
1269 3912 1309 3979 ut
1339 3904 1458 3994 aiunt,
1494 3902 1682 3978 mollius
1715 3903 2004 4004 interpretantur,
2039 3933 2156 3986 revere

633 4031 750 4099 autem
772 4023 942 4098 flectendo
968 4028 1003 4097 et
1026 4022 1238 4120 torquendo,
1264 4023 1339 4098 eius
1364 4024 1433 4098 vim
1458 4023 1584 4098 tollunt
1607 4021 1659 4096 vel
1680 4022 1899 4114 diminuunt,
1925 4027 2020 4124 quod
2041 4053 2154 4130 neque

633 4145 747 4245 gravis
778 4168 892 4242 neque
917 4142 1082 4243 sapientis
1104 4149 1157 4216 est
1183 4143 1317 4219 iudicis.
1370 4145 1616 4243 Praeterquam
1646 4143 1737 4216 enim
1762 4145 1856 4241 quod
1876 4146 1925 4220 sic
1946 4147 2155 4249 legislatoris

492 4328 498 4340 .
633 4265 701 4339 sibi
731 4288 893 4363 arrogans
923 4287 1128 4364 personam,
1160 4262 1342 4338 confundit
1369 4265 1439 4339 duc
1462 4263 1652 4339 officiorum
1675 4286 1820 4361 genera,
1846 4290 1995 4363 quorum
2021 4295 2154 4371 separa·

633 4384 728 4459 bone
760 4383 956 4458 continetur
987 4383 1224 4459 firmissimum
1248 4385 1417 4460 libertatis
1442 4385 1627 4460 hodiernae
1651 4383 1881 4485 praesidium,
1906 4386 1943 4460 id
1966 4395 2155 4468 necessario

633 4503 777 4594 eccidit,
803 4511 843 4576 ut
864 4502 957 4601 leges
978 4503 1136 4601 quamvis
1156 4505 1311 4604 ineptae,
1338 4531 1378 4581 ea
1399 4506 1474 4605 ipse
1495 4505 1538 4580 de
1560 4531 1683 4595 causa,
1708 4504 1804 4603 quod
1825 4495 2014 4604 perniciosa
2034 4537 2153 4590 aarum

634 4624 685 4700 vis
709 4622 804 4722 vulgi
827 4622 945 4697 oculos
968 4646 1037 4696 non
1062 4624 1160 4715 serit,
1186 4625 1311 4702 durare
1336 4634 1562 4725 perseverent.
1614 4629 1692 4701 Imo
1717 4647 1787 4724 quo
1811 4625 1929 4700 dumor
1949 4637 1984 4702 et
2005 4629 2155 4731 iniquior

634 4744 770 4821 videtur
791 4742 865 4831 lex,
890 4767 931 4816 eo
952 4742 1064 4842 magis
1085 4743 1209 4818 iudicis
1230 4751 1302 4836 est,
1327 4767 1466 4832 curare,
1489 4749 1529 4818 ut
1547 4743 1599 4818 illi
1614 4744 1675 4844 qui
1691 4768 1731 4819 ea
1748 4751 1911 4834 utuntur,
1927 4747 2057 4824 malum
2073 4751 2153 4830 inde
2181 4821 2184 4828 .

634 4862 820 4942 oriundum
848 4863 997 4939 sentiant
1019 4871 1054 4937 et
1079 4864 1318 4963 experiantur,
1344 4871 1379 4939 et
1405 4864 1545 4963 quidem
1569 4890 1649 4942 eum
1675 4863 1711 4938 in
1735 4864 1862 4952 finem,
1889 4872 1928 4939 nt
1956 4867 2030 4943 eius
2053 4871 2152 4949 abro-
