4984 6286
957 731 1236 802 ORATIO.
1574 743 1578 748 “
1817 733 1859 797 21

336 942 430 1045 gotio
454 940 660 1040 quantocius
682 939 726 1017 ab
751 939 913 1016 omnibus
936 940 1154 1041 efflagitatur.
1206 941 1343 1020 Quodsi
1366 939 1516 1039 deniqne
1531 939 1735 1038 legislatoris
1751 938 1859 1016 virtus

334 1071 387 1140 ast
419 1061 608 1162 imperare,
642 1068 776 1150 votare,
811 1061 963 1136 officium
984 1061 1040 1137 ius
1063 1061 1209 1138 dicentis
1231 1070 1304 1150 est,
1329 1060 1399 1161 lagi
1422 1060 1657 1159 obtemperare
1679 1067 1715 1134 et
1738 1083 1859 1134 seeun-

335 1183 421 1260 dum
454 1206 530 1258 eam
567 1181 740 1272 iudicare,
777 1182 871 1280 quod
903 1207 973 1281 quo
1005 1181 1199 1282 religiosius
1230 1182 1308 1270 fiet,
1342 1206 1383 1256 eo
1414 1181 1525 1280 magis
1550 1180 1716 1256 bonarum
1741 1180 1860 1279 legum

334 1302 524 1380 reverentia
549 1301 712 1378 omnibus
737 1301 992 1392 inculcabitur,
1015 1303 1193 1379 malarum
1225 1327 1296 1402 quo
1323 1300 1472 1378 strictior
1498 1301 1563 1376 erit
1584 1301 1795 1390 observatio,
1820 1324 1861 1374 eo

336 1422 471 1499 breuior
495 1422 614 1499 futura
638 1430 693 1498 est
718 1422 798 1500 vita.

967 1686 1231 1698 ..—-—--—

383 1901 457 1975 Iex
494 1925 549 1976 me
585 1902 686 1978 iubet
719 1913 759 1978 ut
791 1926 945 1979 enarrem
981 1925 1041 1989 ea,
1072 1924 1161 1997 quae
1191 1925 1247 1975 me
1281 1899 1427 1974 Rectore
1460 1898 1669 1973 Academiae
1702 1898 1790 1972 laeta
1822 1922 1862 1973 ao

337 2020 447 2097 tristia
473 2022 683 2099 acciderunt.
733 2022 793 2097 Ad
817 2023 902 2098 haec
928 2020 1037 2095 refero
1061 2019 1155 2117 quod
1178 2043 1197 2092 e
1220 2018 1334 2092 medio
1359 2028 1469 2093 vestro
1487 2018 1690 2094 Garatorssl
1717 2017 1863 2094 excessit
1939 2115 1942 2120 Ι

337 2141 389 2217 vir
416 2141 662 2241 Amplissimos
695 2168 759 2219 van
790 2145 852 2238 der
887 2141 993 2217 Heim
1031 2165 1095 2216 vau
1133 2139 1389 2238 Duivendijlre,
1425 2139 1474 2213 vir
1507 2138 1669 2237 antiquae
1705 2139 1862 2230 virtutis,

337 2287 415 2338 vere
443 2263 670 2342 Ncerlandus.
722 2264 856 2361 Illustri
878 2287 1005 2363 genere
1031 2273 1154 2350 natus,
1179 2261 1364 2336 liberaliter
1384 2259 1571 2348 educatus,
1597 2259 1633 2333 in
1660 2259 1724 2335 hac
1748 2269 1864 2336 nostra

336 2385 525 2460 Academia
546 2384 654 2460 literis
678 2384 939 2460 humanioribus
960 2392 995 2458 et
1016 2382 1102 2458 iuris
1121 2381 1275 2456 doctriua
1297 2380 1500 2470 institutus,
1525 2390 1709 2479 postquam
1730 2380 1864 2454 iuvenis

333 2527 396 2604 pro
422 2505 534 2604 patria
564 2529 662 2582 arma
692 2485 876 2603 gessisset,
912 2504 1038 2579 deiude
1067 2504 1103 2577 iu
1128 2502 1251 2578 militie
1276 2510 1392 2600 togata
1417 2526 1558 2576 eumne
1585 2500 1776 2599 praestitit,
1802 2499 1865 2598 qui

336 2623 381 2698 ad
416 2649 571 2700 summos
600 2625 637 2697 iu
672 2625 849 2723 republica
876 2624 1042 2713 honorae,
1068 2648 1137 2699 nou
1160 2623 1306 2698 aliorum
1327 2622 1457 2720 gratia,
1484 2621 1545 2694 sed
1568 2619 1677 2718 ipsius
1700 2619 1865 2718 peculiari

333 2767 452 2819 rerum
486 2742 841 2820 administrandarum
875 2744 997 2842 peritia
1033 2743 1286 2842 proveheretur.
1338 2740 1531 2829 Patricius,
1562 2739 1688 2814 nobilis
1716 2745 1751 2813 et
1775 2737 1864 2837 opti·

334 2861 484 2936 matium
522 2862 679 2960 partibus
704 2862 893 2951 addictus,
929 2869 1043 2936 vetera
1077 2860 1178 2934 tueri
1199 2885 1305 2957 quam
1332 2886 1419 2937 nove
1441 2861 1586 2962 probare
1608 2859 1778 2948 malebat,
1803 2857 1865 2933 sed

337 2989 411 3056 arat
440 2981 477 3054 iu
510 2981 569 3056 illo
604 2983 676 3056 viro
701 3006 741 3057 ea
768 2982 875 3071 fides,
900 3006 940 3057 aa
962 2981 1177 3070 constantia,
1205 2981 1234 3054 is
1261 2981 1344 3056 iusti
1368 3006 1479 3070 amor,
1507 2991 1546 3056 ut
1569 2981 1622 3055 rel
1647 2979 1708 3078 qni
1734 2979 1779 3054 ab
1804 2978 1865 3053 ad·

337 3124 434 3176 versa
452 3109 550 3201 parte
575 3109 746 3178 steterunt
767 3126 850 3178 eum
870 3100 1079 3177 solerentne
1100 3100 1324 3198 suspicerent.
1362 3102 1515 3176 Amabat
1532 3100 1699 3199 patriam,
1725 3099 1864 3174 amabat

337 3221 583 3313 Academiam,
609 3222 749 3298 amabat
775 3222 911 3299 litoreas
940 3219 996 3321 pie
1022 3221 1096 3295 eius
1121 3220 1322 3295 memoriam
1347 3220 1511 3322 colamus.

387 3342 589 3418 Successisti
618 3343 654 3417 in
692 3343 767 3418 eius
801 3342 914 3418 locum
951 3342 1001 3417 vir
1031 3339 1242 3439 amplissime
1267 3364 1296 3414 v.
1321 3340 1491 3438 Bylandtl
1517 3341 1578 3439 qui
1603 3339 1673 3414 iam
1699 3346 1780 3414 ante
1802 3339 1863 3413 ali·

338 3487 425 3562 quos
456 3489 563 3540 annos
600 3464 721 3539 eodem
760 3487 902 3539 munere
938 3463 1098 3551 functus,
1136 3485 1218 3536 eum
1256 3467 1395 3560 propter
1429 3459 1622 3535 absentiam
1656 3458 1863 3557 reipublicae

337 3607 462 3672 eausa,
496 3609 537 3658 eo
570 3583 804 3660 abdicandum
839 3610 913 3660 esse
946 3582 1157 3671 eensuisses,
1192 3606 1285 3657 nuno
1322 3591 1478 3658 cessante
1505 3606 1629 3668 causa,
1667 3580 1741 3654 iure
1769 3587 1862 3678 post·

337 3702 462 3778 liminii
492 3704 673 3803 pristinam
707 3705 913 3805 dignitatem
944 3703 1115 3803 recepisti.
1167 3702 1330 3778 Gratulor
1357 3702 1421 3777 tibi
1450 3703 1613 3776 honorem
1641 3700 1839 3774 restitutum
1851 3733 1860 3790 3

338 3847 399 3922 per
430 3825 547 3900 omnia
577 3825 648 3902 iam
677 3824 812 3902 dudum
839 3833 997 3926 experto,
1022 3823 1250 3900 Academiam
1278 3831 1431 3898 nostram
1456 3822 1698 3898 commendare
1725 3843 1863 3895 necessa

338 3965 408 4017 non
432 3944 578 4021 videtur.
1231 3935 1241 3951 ⁸

389 4061 488 4138 Viros
519 4067 750 4166 amplissimos
773 4067 928 4166 Philipso
952 4072 987 4140 et
1011 4062 1263 4162 Metelerkamp
1287 4071 1474 4160 utrumque
1497 4062 1623 4138 'morbo
1646 4085 1720 4135 esse
1747 4058 1860 4157 impli-

338 4181 424 4258 citos
451 4183 617 4262 dolemus.
670 4187 719 4262 Ut
751 4187 848 4262 bravi
878 4185 923 4262 ad
956 4185 1082 4260 bonam
1110 4182 1343 4258 valetudinem
1369 4182 1531 4270 redeant,
1556 4204 1598 4253 ex
1623 4180 1738 4254 animo
1763 4187 1859 4276 opta·

337 4327 427 4379 mus.
480 4303 551 4380 Vos
574 4307 726 4406 reliquos
754 4316 927 4384 curatores
951 4304 1144 4380 incolumes
1168 4304 1224 4378 hio
1251 4303 1393 4390 adesse,
1418 4299 1518 4374 uobis
1542 4299 1705 4408 omnibus
1731 4297 1859 4399 gaudio

334 4430 401 4498 est.
451 4425 504 4500 Ea
535 4427 663 4503 etenim
696 4453 786 4527 quae
816 4427 942 4503 studiis
975 4425 1102 4500 nostris
1130 4422 1371 4523 promovendis
1397 4421 1607 4510 inserviunt,
1642 4413 1738 4497 ita'a
1764 4417 1860 4494 robis

336 4553 506 4643 geruntur
537 4554 573 4621 et
602 4555 788 4638 curantur,
824 4556 863 4624 ut
893 4547 989 4623 nulla
1023 4570 1192 4645 umquam
1216 4544 1439 4633 difficultate,
1463 4568 1509 4617 ne
1532 4543 1607 4618 fisci
1630 4541 1772 4642 quidem
1797 4567 1858 4616 an·

335 4664 463 4764 goatha
497 4691 556 4742 vos
592 4668 754 4744 deterreri
787 4668 988 4768 patiamini,
1023 4692 1094 4767 quo
1119 4665 1236 4742 minus
1258 4690 1298 4740 aa
1320 4687 1590 4762 consequamur,
1615 4663 1744 4761 quibus
1769 4664 1857 4738 Aca·

337 4783 471 4861 demiae
503 4788 596 4863 salus
627 4789 833 4866 continetur.
884 4787 993 4862 Vobis
1018 4787 1105 4863 adeo
1127 4793 1305 4885 acceptum
1328 4783 1527 4873 referimus,
1553 4784 1647 4882 quod
1673 4790 1857 4883 apparatus

338 4903 556 4982 academicus
580 4907 645 4983 rite
666 4916 718 4985 est
742 4915 795 4983 est
817 4907 1006 4982 instructus
1030 4914 1065 4981 et
1092 4906 1180 4980 bene
1202 4911 1354 4981 ornatus.
