4984 6286
652 729 695 798 56
1102 725 1734 796 B.1.t1rtraL0nttGEssR

655 939 717 1014 sed
740 937 872 1013 naviter
908 957 1048 1036 quoque
1077 943 1235 1024 naturae,
1273 936 1443 1036 imprimis
1481 936 1657 1014 botuuiccs
1682 931 1870 1031 cognitioni
1896 955 2035 1029 operam
2062 931 2169 1008 dedit.

655 1058 693 1132 si
719 1054 916 1130 testimonia
941 1053 1143 1129 desideratis
1174 1054 1303 1130 adsunt
1338 1054 1396 1129 illa
1432 1062 1468 1128 et
1501 1054 1643 1152 quidem
1677 1053 1818 1152 optima.
1868 1051 1949 1125 Non
1979 1051 2091 1128 dicam
2126 1053 2170 1128 de

653 1173 915 1276 probationibus
937 1174 1066 1273 quibus
1093 1198 1265 1250 summam
1295 1175 1433 1251 laudem
1457 1175 1594 1262 meruit,
1621 1174 1750 1272 duplex
1774 1171 1965 1270 praemium
1981 1195 2169 1250 memorare

653 1296 762 1384 malo,
802 1320 871 1394 quo
906 1294 1107 1393 scriptiones
1136 1294 1311 1393 Miquellii
1342 1303 1508 1370 ornarunt
1543 1301 1789 1393 praeceptores.
1848 1291 1951 1366 Prius
1984 1294 2170 1391 reportarit

653 1439 735 1490 cnm
757 1415 950 1513 quaestioni
971 1418 1013 1490 de
1033 1417 1280 1513 germinatione
1295 1417 1496 1515 plantarum
1521 1415 1557 1488 in
1583 1413 1772 1488 Academia
1797 1411 2021 1516 Groningana
2045 1437 2168 1513 propo·

653 1536 741 1611 sitae
764 1535 1015 1633 respondisset,
1041 1534 1186 1608 alterum
1211 1534 1261 1608 illi
1281 1535 1453 1610 tributum
1477 1534 1544 1608 fuit
1567 1535 1604 1608 in
1628 1533 1815 1609 Academia
1825 1531 2169 1631 lugduno-Batava,

653 1655 781 1754 scripta
802 1653 1090 1730 commentatione
1116 1656 1159 1728 dc
1181 1656 1437 1754 metamorploai
1460 1657 1531 1729 sice
1548 1655 1704 1752 prolapsi
1718 1655 1929 1752 plantarum.

619 1833 623 1844 .
701 1777 898 1850 Memoratu
932 1775 1077 1872 dignum
1114 1780 1168 1848 est
1207 1773 1374 1847 iudicium
1412 1775 1506 1872 quod
1553 1773 1596 1846 de
1637 1772 1701 1848 hac
1745 1772 1929 1872 scriptione
1968 1773 2048 1847 tulit
2083 1775 2167 1850 ordo

651 1894 887 1995 philosophiae
909 1894 1092 1968 naturalis:
1122 1893 1224 1965 rSive
1244 1893 1280 1965 in
1301 1892 1405 1966 rebus
1428 1899 1585 1966 accurate
1608 1893 1840 1992 exprimendis
1864 1881 2013 1968 auctoris
2034 1903 2167 1993 spectes

652 2039 773 2091 curam
794 2022 830 2089 et
852 2014 1086 2113 diligentiam,
1112 2013 1183 2088 sive
1205 2011 1407 2110 scriptorum
1433 2011 1503 2084 lere
1529 2013 1685 2086 omnium
1714 2014 1921 2112 prudentem
1948 2039 2070 2104 usum,
2097 2016 2167 2090 sive

651 2135 688 2209 in
716 2133 860 2210 aliorum
889 2134 1069 2209 sententiis
1093 2131 1303 2232 explicandis
1337 2140 1372 2205 et
1400 2132 1629 2231 ponderandis
1663 2132 1831 2207 indicium
1858 2133 1929 2206 sive
1956 2134 2107 2232 danique
2130 2135 2166 2210 in

650 2255 864 2354 argumentis
900 2281 963 2330 sun
1000 2254 1111 2353 ipsius
1151 2252 1360 2351 experientia
1398 2253 1641 2327 confirmandis
1675 2276 1791 2327 rerum
1828 2253 2001 2351 peritiam:
2039 2255 2076 2328 in
2113 2255 2167 2330 his

650 2374 813 2450 omuibus
838 2375 887 2450 ita
921 2382 1040 2449 auctor
1068 2385 1221 2448 versutus
1255 2381 1325 2463 est,
1361 2381 1401 2447 ut
1426 2373 1490 2449 hac
1515 2398 1577 2448 sun
1604 2372 1787 2470 scriptione
1821 2373 2031 2470 quaestionis
2064 2399 2166 2474 argu·

526 2507 533 2520 “
650 2501 806 2569 mentum
832 2493 950 2591 plane,
971 2500 1128 2567 accurate
1149 2501 1184 2565 et
1206 2493 1385 2592 perspicue
1406 2495 1451 2568 sit
1470 2494 1715 2594 explicatum.”
1740 2493 1786 2565 Et
1801 2494 1908 2584 (Anu.
1928 2495 2165 2572 lasa-1833

648 2639 684 2712 p.
710 2615 783 2704 31)·
799 2635 880 2686 eum
904 2612 1097 2710 praemium
1118 2611 1170 2686 illi
1191 2612 1339 2687 traderet
1364 2613 1572 2688 clarissimus
1597 2613 1795 2688 Reinwardt
1821 2613 1971 2686 siceum
1993 2615 2167 2692 allocutus
2188 2607 2195 2618 '

573 2721 583 2742 ⁹
648 2737 745 2806 estz.
774 2731 1008 2806 uProlessores
1032 2733 1186 2830 legentes
1212 2732 1306 2806 illam
1331 2741 1427 2808 tuam
1460 2733 1504 2807 de
1534 2733 1701 2831 Stirpium
1723 2732 1901 2807 communi
1925 2739 2048 2809 natura
2072 2761 2164 2812 oom-

413 2887 418 2896 ·
543 2947 546 2954 ,
649 2850 907 2940 mentationem,
940 2876 1010 2950 qua
1047 2852 1144 2950 gravi
1175 2851 1225 2926 illi
1263 2853 1456 2950 quaestioni
1482 2851 1699 2952 respondisti,
1734 2875 1811 2927 eam
1844 2852 1946 2950 periti
1969 2853 2004 2926 in
2025 2862 2098 2929 arte
2130 2866 2164 2931 et

647 2971 752 3070 longo
784 2995 900 3046 rerum
938 2995 1006 3046 usn
1041 2971 1217 3046 exercitati
1252 2972 1412 3070 magistri
1446 2973 1634 3072 perlectum
1670 2996 1759 3070 opus
1788 2971 1903 3070 potins
1941 2997 2046 3074 quam
2080 2975 2163 3050 civis

647 3091 833 3167 academici
856 3091 1031 3190 specimen
1058 3115 1133 3166 esse
1155 3090 1387 3166 iudicarunt.”

697 3211 875 3297 Audistis,
896 3211 1103 3298 Auditores,
1125 3211 1211 3308 quid
1232 3212 1300 3286 iam
1325 3222 1401 3286 tum
1423 3211 1629 3312 praestiterit
1647 3211 1850 3310 Miquellius
1872 3211 1909 3286 in
1933 3238 1974 3288 ea
1996 3214 2161 3304 doctrina,

647 3353 753 3428 quam
775 3330 865 3404 inter
893 3329 1089 3404 academica
1117 3330 1232 3404 studia
1257 3331 1410 3405 studiose
1446 3332 1614 3420 tractavit,
1642 3356 1748 3429 quam
1774 3331 1898 3406 deiude
1924 3357 1988 3407 suo
2022 3333 2162 3433 ingenio

646 3449 829 3549 praecipue
867 3457 940 3524 erat
982 3449 1225 3524 illustraturus.
1287 3451 1362 3524 Nec
1402 3461 1517 3526 tamen
1552 3451 1757 3526 medicinam
1796 3452 1967 3550 neglexit,
2003 3454 2075 3530 imo
2111 3455 2162 3531 illi

645 3569 776 3644 interea
807 3568 939 3645 naviter
970 3569 1057 3644 dans
1093 3595 1253 3669 operam,
1284 3570 1388 3645 huius
1416 3571 1499 3645 artis
1524 3571 1725 3669 professioni
1752 3571 1839 3644 bene
1866 3597 1902 3646 se
1935 3577 2158 3674 praeparavit.

646 3689 770 3764 Variae
801 3689 876 3764 eius
910 3699 946 3764 ct
972 3689 1174 3788 multiplicis
1198 3691 1371 3766 doetrinae
1407 3691 1504 3765 tastis
1541 3699 1593 3766 est
1618 3689 1833 3789 disquisitio,
1866 3717 1935 3790 qua
1965 3694 2159 3772 academias

646 3808 829 3895 valedixit,
854 3811 1013 3885 cohibens
1030 3818 1177 3884 veteram
1199 3813 1241 3885 de
1264 3813 1373 3885 iecore
1393 3814 1533 3899 merita,
1558 3811 1732 3909 inscripsit
1757 3836 1834 3886 eam
1857 3812 1944 3901 illia,
1969 3813 2157 3911 quibua-so

645 3930 797 4006 maxima
818 3928 943 4003 debere
974 3930 1124 4018 sciebat,
1160 3931 1249 4029 patri
1268 3932 1417 4029 optimo,
1443 3937 1500 4031 pie
1520 3931 1662 4006 colendo
1685 3939 1720 4005 ct
1739 3931 1951 4029 praeceptori
1969 3932 2015 4007 ad
2035 3957 2158 4011 urnam

645 4049 857 4138 venerando,
887 4049 1075 4124 clarissimo
1099 4074 1163 4124 ran
1191 4050 1290 4139 Hall,
1321 4051 1495 4126 botanioaa
1518 4050 1711 4149 professori.
1762 4049 1885 4148 Ipsum
1909 4061 2155 4149 argumentum

644 4169 711 4244 sibi
731 4193 752 4244 n
771 4168 959 4244 elnmssimo
980 4167 1159 4242 Sebastiam
1182 4169 1440 4267 suppeditatum
1462 4169 1511 4242 ita
1533 4170 1710 4259 tractavit,
1734 4175 1773 4242 ut
1795 4194 1877 4245 cum
1898 4171 2051 4246 medicae
2073 4175 2156 4250 artis
2216 4243 2219 4250 ,

644 4289 786 4364 seientia
808 4288 913 4362 simul
935 4287 1151 4386 antiquitatis
1173 4301 1336 4389 appareat
1361 4290 1454 4364 haud
1475 4289 1624 4388 vulgaris
1646 4289 1829 4364 coniuncta
1849 4291 1981 4368 notitia.

693 4409 750 4482 Sic
774 4417 996 4506 praeparatus
1018 4434 1038 4484 a
1063 4409 1188 4484 scholis
1208 4411 1253 4485 ad
1275 4410 1396 4508 praxin
1419 4409 1574 4497 transiit,
1599 4434 1668 4484 non
1693 4419 1826 4499 tamen,
1853 4420 1893 4484 nt
1909 4411 2010 4486 multi
2027 4414 2154 4504 solent,

642 4536 738 4603 ratus
760 4523 831 4599 iam
853 4549 890 4599 se
910 4525 993 4613 satis
1015 4525 1186 4604 didicisse.
1235 4529 1332 4602 Bene
1354 4527 1482 4610 seilicet
1502 4528 1553 4602 illi
1579 4553 1783 4626 persuasum
1807 4537 1899 4620 erat,
1923 4531 2154 4610 academicam

640 4643 894 4725 institutionem
920 4643 1011 4719 viam
1033 4655 1223 4721 monstrare
1249 4655 1285 4721 et
1304 4647 1456 4722 indicare
1480 4648 1646 4723 rationem
1667 4675 1789 4748 posse,
1817 4677 1886 4750 qua
1907 4653 1951 4728 ad
1975 4653 2153 4730 scientiam

640 4765 878 4871 perveniatur,
908 4762 1053 4837 solidam
1085 4766 1275 4843 doctrinam
1305 4791 1383 4842 vero
1409 4769 1545 4868 proprio
1566 4770 1691 4868 cuique
1727 4780 1763 4845 et
1793 4757 1932 4847 assiduo
1954 4773 2070 4847 labore
2093 4799 2151 4872 pa·

638 4889 717 4967 rari.
753 4887 938 4984 Propterea
967 4885 1117 4982 perrexit
1151 4912 1220 4985 qno
1255 4896 1412 4987 coeperat
1445 4913 1559 4964 cursu.
1617 4890 1742 4965 Multas
1782 4891 1873 4966 inter
1911 4893 2153 4992 occupationes
