4984 6286
640 707 683 776 60
1088 709 1124 778 Β.
1154 711 1181 776 l.
1212 708 1450 775 LINTELO
1479 709 1543 775 DE
1571 708 1713 774 ΗΕΒ

639 916 716 991 laus
749 941 811 991 sua
843 923 879 990 et
902 917 1011 992 honor
1035 916 1217 992 constabit.
1267 919 1335 992 Per
1363 918 1489 1018 scripta
1515 941 1578 994 sua
1603 925 1639 991 et
1667 915 1855 1015 discipulos
1881 914 2042 1012 loquetur
2070 912 2164 1079 apud

640 1045 813 1136 posteros,
839 1035 942 1111 talem
968 1037 1081 1112 virum
1104 1037 1244 1112 scientia
1269 1047 1360 1112 vetat
1384 1038 1481 1116 mori.

684 1279 808 1357 Quom
836 1277 955 1352 vellem
984 1277 1039 1351 hic
1067 1276 1253 1351 subsistere
1278 1302 1436 1376 possem,
1462 1275 1524 1351 sed
1550 1276 1645 1350 ferax
1672 1274 1834 1350 funerum
1863 1276 1931 1350 fuit
1960 1275 2015 1350 hic
2039 1299 2161 1352 annus.

640 1399 672 1472 Ε
703 1397 836 1473 civibus
859 1397 966 1472 huius
988 1397 1196 1472 Academiae
1220 1423 1278 1472 sex
1304 1405 1414 1472 morte
1439 1397 1631 1474 amisimus.
1682 1397 1789 1472 Ianus
1816 1397 2001 1471 Cauradus
2028 1396 2163 1472 Gobiua

640 1517 690 1590 du
712 1518 811 1607 sart,
845 1515 1056 1592 Litterarum
1082 1525 1117 1590 et
1143 1517 1570 1616 Theologiae--atudiosus,
1596 1526 1632 1592 et
1657 1517 1838 1592 Cornelius
1864 1516 2073 1593 Guilielmus
2098 1541 2161 1593 vau

638 1636 876 1736 Biusbergen‚
916 1637 1008 1712 Iuris
1045 1636 1241 1724 studiosus,
1282 1637 1385 1712 ambo
1420 1639 1516 1737 gravi
1555 1638 1675 1711 morbo
1712 1637 1859 1736 correpti
1900 1638 2028 1712 mortui
2067 1647 2160 1714 suut.

637 1757 778 1856 Lugent
810 1782 869 1832 eos
897 1767 1078 1856 parentes,
1115 1757 1175 1853 qui
1200 1757 1331 1854 optima
1359 1758 1401 1831 de
1427 1757 1469 1832 iis
1497 1766 1694 1858 sperantes,
1720 1757 1837 1832 subito
1862 1757 1929 1833 sibi
1951 1783 2030 1834 cara
2049 1759 2163 1858 capita

637 1885 755 1976 erepta
790 1877 976 1951 doluerunt
1011 1885 1045 1950 et
1082 1877 1198 1950 tristes
1230 1875 1275 1952 ad
1314 1878 1490 1951 tumulum
1526 1877 1771 1967 deduxerunt,
1804 1905 1825 1952 e
1862 1879 1991 1979 quibus
2024 1879 2092 1977 ipsi
2125 1905 2161 1954 se

639 1997 759 2070 defieri
786 2005 997 2096 optaverant.
1046 1997 1233 2071 Heinricus
1259 1998 1367 2072 Ianus
1393 1996 1517 2073 Daniel
1539 1997 1717 2086 Ιιοοιιιιιι,
1739 1997 1947 2096 Theologiee
1962 1998 2159 2088 studiosus,

643 2117 735 2192 tabie
770 2117 914 2193 affectus
948 2116 1042 2192 lento
1078 2116 1241 2192 occubuit
1275 2117 1413 2205 morbo,
1449 2141 1572 2192 novam
1603 2116 1736 2191 cladem
1770 2118 1968 2194 domesticis
2005 2118 2161 2196 cladibus

641 2238 795 2326 addens,
831 2237 961 2336 quibus
995 2245 1138 2336 paterna
1173 2238 1297 2312 domus
1320 2238 1441 2312 affecta
1463 2237 1539 2311 fuit.
1590 2236 1791 2311 Waltherua
1813 2237 2002 2336 Wagterus
2025 2239 2162 2328 umido,

640 2357 836 2432 Medicinae
856 2357 1082 2446 candidatus,
1097 2359 1216 2457 procul
1244 2358 1409 2458 epatris,
1435 2359 1526 2432 inter
1550 2381 1722 2432 armornm
1752 2357 1916 2455 strepitus
1938 2365 1974 2431 et
2001 2359 2161 2446 vulnere,

640 2476 790 2552 flebilem
828 2485 973 2553 mortam
1013 2478 1154 2552 invenit.
1217 2478 1362 2552 Abierat
1398 2479 1480 2552 illuc
1515 2487 1554 2551 ut
1588 2478 1733 2552 aliorum
1764 2477 1935 2552 minueret
1967 2478 2100 2552 dolores
2126 2486 2162 2551 et

641 2597 763 2671 leniret
797 2599 958 2688 vulnera,
995 2598 1056 2671 sed
1091 2597 1211 2672 morbo
1248 2607 1425 2698 correptus
1456 2599 1567 2674 aliena
1600 2598 1636 2671 iu
1673 2606 1763 2672 terra
1792 2605 1827 2671 et
1858 2607 2013 2672 remotus
2041 2623 2062 2672 a
2089 2599 2161 2672 suia

641 2715 745 2806 obiit,
780 2742 883 2816 quem
918 2717 1124 2792 redeuntem
1155 2717 1364 2815 experientia
1390 2717 1531 2790 doctum
1559 2716 1742 2789 salutarem
1766 2723 1873 2789 artem
1906 2702 1943 2790 iu
1970 2717 2159 2792 multorum
2272 2813 2274 2820 y

640 2838 860 2912 commodum
885 2837 946 2911 diu
972 2837 1202 2911 exerciturum
1226 2836 1441 2935 optabamus.
1498 2836 1594 2915 Quid
1622 2835 1732 2909 dicam
1757 2835 1800 2909 de
1820 2835 1997 2913 Bernardo
2013 2836 2160 2913 Iohanni

639 2957 793 3032 Antonio
813 2957 1018 3056 Fynebuilr‚
1045 2957 1138 3030 Iuris
1162 2956 1337 3044 studioso,
1368 2956 1412 3030 de
1435 2955 1597 3054 Adelpho
1621 2954 1743 3029 Carolo
1766 2954 1962 3030 Everhardo
1986 2956 2157 3045 Wastrik3

639 3075 844 3175 Theologiae
876 3076 1059 3151 studioso?
1108 3078 1161 3150 De
1198 3077 1251 3149 his
1286 3085 1397 3150 tacere
1430 3083 1598 3173 praestat,
1634 3076 1761 3151 mortui
1795 3083 1889 3150 suut.
1931 3075 2010 3149 Hoc
2033 3075 2159 3150 dixisse
2208 3169 2211 3176 .

640 3197 796 3272 sufficiat.

623 3343 624 3348 ¹
688 3315 765 3389 Has
798 3315 913 3390 clades
945 3314 1134 3389 Academia
1171 3323 1287 3390 nostra
1321 3315 1385 3390 hoc
1417 3339 1508 3390 anuo
1541 3341 1642 3414 passa
1668 3335 1739 3405 est,
1775 3315 1981 3391 domesticas
2004 3314 2160 3390 nonnulli

641 3444 791 3509 vestrum
804 3494 815 3524 ,
830 3435 979 3533 collegae
993 3434 1284 3524 coniunctissimi,
1310 3460 1448 3511 mecum
1463 3437 1651 3534 accepistis.
1702 3438 1776 3524 Tu,
1802 3436 2159 3524 clarissimeDoedes,

639 3579 767 3629 nurum
801 3578 913 3653 nuper
944 3553 1109 3640 emisisti,
1147 3555 1356 3630 carissimam
1392 3557 1454 3630 filii
1490 3558 1542 3631 tui
1567 3557 1769 3656 coniugem3
1804 3567 1950 3646 matrem
1974 3583 2079 3655 quam
2104 3556 2160 3654 pie

640 3674 792 3748 venerari
815 3673 968 3764 solebas,
993 3684 1028 3748 et
1050 3675 1188 3748 fratrem
1205 3701 1245 3749 ex
1267 3676 1431 3749 affinitate
1460 3676 1704 3751 tibi'iuuctum
1728 3687 1769 3750 tu
1792 3676 1930 3765 luxisti,
1956 3675 2009 3750 cl.
2031 3677 2160 3762 Fruin,

640 3795 702 3880 aed
739 3796 782 3869 de
800 3795 874 3876 ,his
906 3794 1048 3894 privatis
1079 3795 1333 3869 calamitatibus
1367 3805 1478 3870 tacere
1515 3798 1615 3872 malo.
1666 3799 1730 3872 Est
1763 3797 1846 3872 haec
1873 3795 2158 3871 vitaehumanae

640 3915 791 3990 conditio
816 3926 857 3990 ut
883 3915 1016 3990 luctum
1046 3924 1081 3988 et
1104 3939 1286 3989 aerumnas
1311 3939 1414 3990 nemo
1441 3917 1634 3990 mortalium
1660 3917 1816 4016 effugiat.
1865 3916 1997 3990 Felices
2021 3916 2082 4014 qui
2106 3917 2158 3990 his

641 4059 678 4110 se
715 4036 853 4111 demitti
891 4061 958 4110 nou
999 4037 1124 4110 sinant.
1190 4035 1309 4110 aNihil
1340 4046 1567 4135 perpetuum,
1603 4061 1713 4134 pauca
1739 4036 1903 4110 diuturna
1925 4044 2027 4124 aunt,
2063 4036 2158 4110 aliud
2264 4025 2269 4030 ’

639 4157 707 4231 alio
743 4156 847 4230 modo
875 4154 996 4254 fragile
1021 4165 1094 4243 est,
1130 4181 1244 4230 rernm
1271 4158 1385 4232 exitus
1410 4157 1590 4232 variantur.
1642 4157 1733 4234 Quis
1758 4165 1831 4232 tam
1854 4155 2022 4255 superbae
2048 4156 2157 4254 impo·
2251 4173 2253 4182 ’

640 4279 813 4372 tantisque
838 4275 1050 4374 arrogantiae
1083 4285 1156 4363 est,
1193 4286 1232 4350 ut
1254 4277 1290 4350 in
1320 4277 1383 4350 hac
1409 4285 1549 4351 naturae
1570 4275 1773 4351 necessitato
1798 4276 1915 4351 omnia
1939 4276 1985 4350 ad
2008 4275 2158 4350 eundem

640 4395 746 4467 finem
768 4393 977 4482 reverentie,
1003 4419 1042 4468 se
1068 4420 1176 4469 unum
1199 4407 1234 4469 et
1256 4421 1336 4469 suos
1360 4397 1478 4494 seponi
1502 4395 1582 4469 velit
1593 4397 1802 4494 ruinaeque,
1828 4396 1931 4470 etiam
1944 4396 2013 4494 ipsi
2028 4396 2159 4471 mundo

640 4511 857 4600 imminenti,
882 4513 1031 4610 aliquam
1069 4515 1211 4590 domum
1237 4517 1468 4592 subtrahati''
1519 4517 1587 4590 His
1618 4517 1729 4590 verbis
1765 4518 1895 4592 Seneca
1928 4541 2011 4590 usus
2040 4524 2093 4590 est
2124 4524 2158 4590 et

641 4635 839 4709 Romanum
876 4632 986 4741 virum
1024 4643 1058 4705 et
1086 4635 1231 4710 stoicum
1263 4637 1300 4710 in
1334 4637 1377 4709 iis
1412 4645 1534 4734 sponte
1564 4637 1794 4736 agnoscimus.
1846 4637 1991 4712 Meliora
2014 4646 2096 4710 sunt
2124 4645 2159 4710 et

640 4752 826 4830 efficaciora
861 4777 904 4826 ex
942 4752 1072 4850 quibus
1109 4757 1373 4832 consolationem
1411 4757 1565 4832 dolentes
1598 4768 1633 4831 et
1663 4757 1778 4833 tristes
1812 4767 1928 4856 petere
1962 4781 2156 4855 possumus.

640 4875 724 4986 Sed·
738 4882 855 4949 tamen
887 4871 971 4947 haec
1006 4873 1108 4948 verba
1139 4876 1223 4950 mihi
1256 4877 1290 4951 in
1324 4887 1474 4951 mentem
1505 4885 1672 4954 venerunt
1696 4903 1737 4954 ea
1760 4878 1955 4978 reputanti,
1981 4901 2069 4974 quae
2094 4875 2158 4949 hoc
