4984 6286
972 688 1251 759 ORATIO.
1829 687 1870 753 1³

347 899 501 978 terrestri
536 908 598 975 aut
630 899 823 974 maritimae
852 898 999 989 deditis,
1033 901 1094 999 qui
1123 909 1229 975 terras
1258 897 1464 998 longinquas
1493 905 1528 971 et
1552 898 1745 997 incognitas
1770 922 1868 997 pera·

346 1019 479 1120 grando
512 1043 641 1117 easque
668 1020 798 1119 patriae
827 1044 910 1095 suae
941 1019 1081 1094 nomine
1111 1019 1328 1124 occupando,
1362 1016 1437 1091 eius
1461 1018 1602 1115 gloriam
1630 1028 1666 1092 et
1687 1042 1771 1117 opes
1794 1041 1865 1090 em·

346 1141 562 1241 plificarunt,
601 1140 692 1215 inter
725 1139 858 1215 nobiles
893 1149 1137 1240 aggregantur.
1189 1141 1245 1214 Sic
1261 1146 1399 1238 sponte
1433 1162 1496 1212 sua
1531 1148 1567 1212 et
1597 1163 1640 1213 er
1675 1139 1786 1237 ipsius
1817 1137 1868 1211 rei

347 1269 489 1350 natura,
526 1259 611 1334 rarii
645 1259 802 1336 eiusdem
835 1261 985 1360 regionis
1017 1263 1148 1336 incolae
1183 1262 1275 1336 varia
1304 1267 1452 1333 utuntur
1481 1283 1561 1333 cum
1594 1258 1762 1358 dignitate
1790 1267 1867 1333 tum

348 1381 570 1470 auctoritate,
603 1388 639 1455 et
670 1405 750 1456 cum
780 1381 836 1455 rix
870 1383 940 1457 ulla
967 1383 1229 1482 reprehensione
1254 1381 1399 1479 dignum
1423 1377 1597 1466 videatur,
1624 1380 1769 1476 eosqui
1793 1403 1863 1454 me-

346 1501 421 1576 ritis
457 1499 689 1600 praecellunt,
724 1499 860 1575 iuribus
896 1489 1037 1601 quoque
1067 1502 1277 1603 praevalere,
1313 1501 1386 1575 sine
1409 1502 1480 1576 nlla
1503 1500 1714 1598 reliquorum
1737 1501 1864 1575 civium

345 1629 407 1699 aut
436 1620 566 1696 invidia
597 1627 659 1695 aut
690 1619 897 1711 offensione,
934 1624 1100 1698 nonnulla
1124 1623 1166 1698 iis
1191 1621 1369 1696 tribuatur
1394 1621 1592 1721 privilegia,
1626 1644 1715 1718 quae
1743 1621 1865 1695 ceteris

345 1741 573 1840 denegantur.
630 1737 763 1814 Verum
789 1766 869 1815 cum
895 1751 975 1841 post
1000 1744 1140 1841 aliquod
1161 1741 1299 1841 longius
1323 1750 1384 1816 aut
1411 1741 1548 1816 brevius
1572 1747 1729 1838 tempus,
1755 1765 1863 1814 sacer·

345 1860 467 1936 dotum
502 1859 675 1959 mysteriis
710 1861 879 1960 evulgatis
916 1887 954 1938 ac
990 1863 1165 1937 cornicum
1196 1862 1306 1936 oculis
1337 1861 1501 1950 confixis,
1532 1884 1648 1935 rerum
1680 1859 1802 1935 notitia
1828 1872 1863 1934 et

345 1979 487 2057 scientia
510 1981 554 2056 ad
576 1980 693 2081 plures
718 2005 920 2080 permanare
947 1984 1080 2083 coepit,
1105 2009 1185 2058 cum
1210 1983 1279 2072 illi,
1305 2007 1454 2081 quorum
1477 1981 1622 2056 maiores
1642 2004 1697 2054 res
1720 2005 1864 2079 magnas

344 2098 549 2198 gessissent,
584 2098 653 2196 ipsi
683 2097 800 2198 ignari
833 2127 872 2176 ac
904 2103 990 2176 nihil
1022 2113 1185 2202 agentes,
1217 2128 1314 2178 arma
1342 2113 1479 2178 tantum
1506 2113 1589 2175 eum
1613 2101 1648 2173 in
1673 2101 1778 2174 finem
1803 2127 1862 2198 ge·

343 2226 445 2308 runt,
472 2227 510 2292 ut
531 2217 631 2292 foeda
658 2227 693 2292 et
715 2219 867 2296 crudelia
891 2221 927 2294 in
953 2223 1044 2296 cives
1067 2247 1148 2297 suos
1170 2229 1387 2320 perpetrent,
1412 2245 1490 2294 cum
1513 2245 1555 2293 err
1576 2219 1702 2317 opibus
1720 2227 1755 2293 et
1776 2219 1862 2292 diri-

343 2335 401 2410 tiis
433 2345 613 2412 creverunt
648 2337 827 2414 fastidium
857 2347 892 2415 et
920 2342 1135 2440 arrogantia,
1169 2365 1249 2416 cum
1277 2340 1433 2438 denique,
1452 2340 1706 2438 privilegiorum
1732 2340 1863 2414 abusus

332 2456 384 2532 'eo
421 2458 554 2551 tendit,
589 2466 631 2533 ut
661 2459 884 2536 immunitate
908 2461 976 2536 illis
1002 2462 1101 2552 data,
1127 2462 1188 2561 qui
1210 2463 1251 2535 ela
1275 2461 1418 2535 minime
1438 2459 1618 2557 indigent,
1643 2460 1689 2533 ad
1712 2460 1861 2558 reliquos

341 2575 537 2651 redundent
562 2577 726 2677 pleraque
748 2577 896 2653 civitatis
921 2603 1048 2673 onera,
1073 2590 1151 2654 tum
1174 2579 1219 2653 ab
1244 2578 1340 2653 omni
1363 2588 1461 2678 parte
1484 2577 1674 2653 audiuntur
1702 2563 1861 2676 querelae

341 2703 376 2770 et
407 2697 594 2784 clamores,
631 2695 693 2793 qui
724 2697 754 2770 si
788 2704 924 2772 tantum
954 2699 1040 2773 iuris
1062 2699 1280 2798 iniquitatem
1307 2707 1519 2799 spectarent,
1554 2699 1608 2773 vix
1630 2707 1741 2789 esset,
1767 2699 1862 2797 quod

340 2814 423 2888 vitio
453 2822 665 2904 verteretur3
701 2815 763 2889 sed
797 2816 903 2889 semel
935 2817 1067 2892 irritata
1096 2844 1136 2892 ac
1167 2819 1417 2916 cupiditatibus
1449 2821 1588 2894 incensa
1617 2827 1652 2892 et
1678 2818 1861 2895 obcaecata

338 2933 549 3023 multitudo,
586 2958 655 3006 non
688 2941 826 3008 tantum
857 2935 1014 3033 iniquam
1045 2936 1148 3026 iuris,
1185 2936 1247 3010 sed
1278 2939 1427 3013 maxime
1459 2939 1612 3036 increpat
1642 2938 1884 3035 inaequalem·

338 3037 556 3128 lortunaruni
577 3051 835 3144 conditionem,
865 3055 965 3151 quasi
993 3062 1116 3131 natura
1139 3081 1259 3132 omnes
1283 3081 1324 3130 ex
1351 3056 1471 3131 eodem
1496 3057 1569 3131 luto
1594 3058 1769 3146 finxisset,
1799 3059 1858 3132 bo·

338 3173 473 3248 minum
507 3178 626 3247 autem
657 3172 791 3247 malitia
820 3178 855 3247 et
879 3174 1030 3272 pravitas
1054 3175 1225 3273 disparem
1254 3176 1399 3273 singulis
1423 3176 1602 3251 tribuisset
1625 3183 1762 3254 sortem.
1814 3179 1859 3253 Se

337 3315 484 3390 nempe,
514 3291 674 3391 quamvis
703 3290 907 3391 diligentes,
942 3294 998 3368 vix
1029 3293 1156 3370 babere
1181 3295 1273 3369 unde
1299 3319 1508 3394 saeuosque
1532 3303 1746 3385 sustentent,
1773 3297 1858 3374 dum

337 3411 396 3486 alii
428 3411 582 3486 socordia
618 3410 729 3486 otium
764 3419 931 3502 terentes,
967 3414 1089 3489 domos
1119 3440 1159 3488 ac
1190 3415 1286 3489 villas
1317 3416 1518 3504 aedificant,
1552 3427 1690 3504 amant,
1716 3426 1857 3516 potant,

336 3531 437 3632 signa
465 3555 615 3631 vasaque
647 3531 802 3629 undique
829 3535 1014 3609 corradunt
1037 3543 1072 3608 et
1096 3534 1302 3634 quadriiugo
1327 3559 1431 3610 curru
1456 3544 1492 3609 et
1516 3536 1716 3610 albentibus
1739 3539 1858 3636 equis,

336 3651 421 3752 ipsis
440 3651 557 3726 labore
581 3652 806 3742 sudantibus,
831 3653 867 3726 in
892 3651 1015 3751 plateis
1038 3659 1074 3725 et
1099 3652 1162 3725 viis
1190 3651 1511 3727 circumvehuntur:
1538 3653 1621 3728 haec
1643 3663 1761 3729 autem
1780 3657 1856 3754 qui·

337 3770 404 3845 bus
434 3779 641 3871 premuntur
670 3773 760 3847 mala
795 3772 859 3846 soli
888 3771 1025 3870 imperii
1054 3771 1183 3847 formae
1209 3781 1243 3846 et
1268 3772 1404 3871 legibus
1426 3797 1501 3846 esse
1524 3772 1728 3874 tribuenda;
1755 3775 1858 3850 modo

337 3890 492 3965 omnium
528 3890 571 3965 de
602 3891 704 3990 plebe
738 3916 802 3966 vox
836 3890 872 3964 in
903 3890 1051 3964 comitiis
1076 3891 1254 3982 audiatur,
1285 3893 1402 3966 omnia
1424 3890 1519 3966 brevi
1545 3887 1583 3966 in
1608 3894 1732 3968 melius
1750 3895 1855 3969 refor-

336 4015 470 4085 matum
502 4011 545 4085 iri
580 4018 616 4085 et
647 4035 775 4086 novum
803 4010 848 4087 ab
877 4011 1013 4109 integro
1037 3999 1230 4088 seculorum
1258 4011 1470 4086 nasciturum
1496 4012 1661 4087 ordinem.
1711 4015 1856 4112 Augeat

337 4135 372 4204 et
392 4129 604 4228 amplificant
625 4131 727 4207 hasce
750 4131 1064 4231 vulgi-quaerelas,
1098 4132 1224 4230 partim
1251 4131 1407 4206 homines
1434 4132 1532 4231 probi
1558 4140 1592 4206 et
1615 4132 1768 4222 honesti,
1793 4135 1855 4210 sed

242 4309 249 4322 .
337 4249 398 4348 qui
423 4273 547 4349 parum
567 4251 801 4350 perspicaces,
827 4253 915 4327 serio
938 4276 978 4326 ac
1005 4249 1096 4326 bona
1119 4251 1190 4326 fida
1211 4251 1416 4341 exstimant,
1442 4276 1531 4354 qnae
1556 4251 1711 4326 societati
1731 4261 1854 4330 natura

337 4395 400 4445 sua
434 4396 474 4446 ac
507 4371 712 4470 plerumque
744 4371 924 4448 hominum
960 4371 1051 4446 vitiis
1085 4372 1264 4447 inhaerent
1296 4372 1407 4464 mela,
1443 4371 1592 4446 solarum
1629 4370 1746 4471 legum
1779 4398 1854 4449 esse

334 4490 472 4589 crdpam
506 4490 637 4590 quique
670 4492 756 4566 adeo
788 4493 855 4568 sibi
883 4492 1131 4581 blandiuntur,
1166 4516 1236 4567 uno
1259 4491 1333 4566 ictu
1353 4501 1458 4593 atque
1485 4492 1618 4591 impetu
1638 4500 1852 4590 praesentem

336 4633 451 4685 rerum
489 4616 620 4686 statum
653 4613 759 4686 everti
799 4621 834 4687 et
869 4612 1039 4704 mundum
1077 4635 1200 4686 novam
1234 4637 1373 4710 prorsus
1405 4638 1505 4712 posse
1535 4609 1678 4686 induere
1708 4612 1851 4704 taciem,

334 4729 461 4829 partim
494 4729 563 4820 illi,
599 4731 660 4830 qui
690 4755 772 4806 cum
805 4732 892 4812 nihil
927 4732 1077 4806 habeant
1107 4730 1200 4829 quod
1230 4731 1395 4831 perdant,
1425 4757 1469 4807 ex
1491 4731 1635 4832 perditis
1658 4732 1763 4807 rebus
1783 4732 1851 4807 sibi

335 4850 471 4928 lucrum
496 4859 700 4951 quaerentes
721 4860 757 4926 et
780 4853 892 4953 specie
914 4851 1096 4952 populares
1114 4849 1230 4926 omnia
1248 4852 1411 4929 omnibus
1428 4851 1691 4952 exprobrantes,
1717 4861 1850 4930 mentes
