4984 6286
792 795 985 861 SERIES
1018 791 1349 861 LEOTIONUM.
1789 794 1831 860 37

311 997 353 1073 M.
374 1011 534 1074 Pontico
555 1000 777 1102 Chirurgiom
789 1001 946 1088 docebit,
961 1001 1085 1074 diebus
1098 1000 1239 1089 Lunae,
1254 999 1411 1074 Mercurii
1427 1007 1462 1074 et
1476 999 1638 1090 Veneris,
1652 1001 1734 1076 bora
1747 1003 1829 1077 VIM.

406 1120 588 1196 Exercitiis
610 1121 740 1197 oliniois
760 1129 797 1195 et
817 1119 1018 1220 policlinicis
1041 1119 1188 1218 praebuit
1207 1119 1362 1217 quotidie
1374 1172 1636 1208 ........
1680 1121 1830 1196 xil-11.

406 1239 611 1316 Medicinam
636 1239 807 1314 forensem
831 1239 988 1326 docebit,
1017 1239 1140 1314 diebus
1168 1238 1292 1312 Mortis
1319 1246 1355 1312 et
1381 1238 1473 1313 Iovis
1481 1295 1635 1326 .....
1746 1240 1830 1315 VIM.

311 1367 348 1430 D.
360 1367 500 1442 notun,
528 1359 621 1436 Prof.
646 1359 829 1448 extraord,
855 1357 1195 1458 Ophthnlmologiom
1223 1357 1380 1446 docebit,
1416 1358 1473 1432 die
1500 1359 1636 1446 Lunee,

359 1477 517 1552 Mercurii
541 1488 577 1554 et
600 1479 764 1568 Veneris,
796 1529 1639 1554 ........................
1672 1477 1833 1555 11-111.

407 1595 625 1673 Institutioni
647 1599 788 1674 clinicae
810 1608 846 1672 et
865 1598 1076 1697 policlinicce
1103 1598 1251 1696 praeerit
1273 1597 1450 1696 quotidie,
1488 1657 1497 1674 .
1525 1647 1533 1667 .
1560 1650 1569 1669 .
1596 1647 1605 1668 .
1632 1652 1642 1672 .
1665 1597 1833 1668 lii-XM.

311 2007 345 2068 c.
364 2011 399 2068 A.
416 2008 454 2068 x„
472 2008 510 2070 G.
529 2011 562 2070 F.
578 2010 791 2082 SICHERER,
818 2000 1011 2075 Literorum
1038 2000 1321 2074 Germanicorum
1347 2001 1488 2086 Lector,
1514 1999 1640 2074 selecta

360 2116 555 2216 principum
577 2119 762 2194 Podtor'um
788 2121 1062 2219 germanicorum
1083 2119 1235 2195 carmina
1260 2119 1479 2218 interpretari
1500 2127 1641 2217 paratus

359 2244 431 2324 est,
473 2236 578 2313 simul
610 2239 648 2313 id
681 2246 841 2328 noturus,
880 2249 920 2314 ut
961 2240 1014 2314 his
1048 2240 1134 2339 ipsis
1165 2240 1329 2338 exemplis
1369 2240 1461 2314 reric
1493 2238 1641 2312 Podscoc

359 2381 486 2454 genero
510 2359 657 2458 explicet
681 2358 910 2435 auditoribus.
1175 2433 1179 2438 .

311 2485 346 2546 Ε.
368 2487 573 2559 GMRLAND,
594 2477 745 2554 Adiutor
768 2479 972 2554 Proiceeorie
995 2478 1183 2577 Physiccs,
1208 2479 1374 2556 theoriam
1394 2481 1639 2553 instrumento·

360 2619 460 2682 rum,
484 2595 613 2693 quibus
634 2595 773 2693 Physici
795 2596 840 2670 od
862 2597 1075 2672 metiendum
1097 2599 1281 2697 praecipue
1307 2607 1467 2685 utuntur,
1494 2608 1642 2697 exponet

360 2712 454 2788 horis
478 2713 698 2788 auditoribus
722 2715 924 2790 commodis.
