4984 6286
934 706 1213 774 ORATIO.
1797 708 1839 775 23

358 921 594 1009 Professores,
623 919 684 994 viri
705 917 915 995 Clarissimil
958 918 1080 996 Quum
1103 900 1190 990 banc
1215 915 1492 1013 qualemcunque
1507 913 1745 990 concinnarem
1763 941 1837 992 ora·

310 1041 523 1130 tiunculam,
559 1040 739 1140 sperabam
766 1038 858 1127 lore,
885 1045 925 1111 ut
948 1037 1032 1112 mihi
1056 1035 1222 1135 gratulari
1243 1059 1406 1134 possem,
1432 1035 1497 1108 lroc
1517 1060 1608 1110 anno
1630 1036 1844 1135 collegarum.

311 1163 488 1238 neminem
506 1184 581 1235 esse
602 1159 868 1260 parentandum.
896 1157 983 1256 Spes
1003 1181 1058 1231 me
1078 1155 1209 1232 lelellit.
1236 1155 1335 1228 Obiit
1359 1155 1489 1230 nudius
1510 1158 1632 1232 tertius
1645 1157 1839 1257 Hengeliur

311 1291 450 1371 noster,
474 1305 578 1356 senex
596 1281 654 1356 ille
675 1279 909 1367 venerandus,
928 1303 1031 1376 quem
1050 1278 1117 1352 nisi
1132 1301 1258 1351 vanum
1274 1276 1397 1353 luisset
1414 1284 1551 1366 votum,
1568 1302 1687 1352 omnes
1700 1280 1839 1354 immor·

313 1403 417 1478 talem
442 1401 704 1500 optavissemus.
731 1401 878 1474 Nemoa
894 1423 950 1473 me
965 1397 1178 1498 expectabit,
1203 1406 1241 1470 nt
1262 1396 1424 1495 equidem
1448 1396 1550 1472 bodie
1567 1399 1620 1473 vel
1634 1399 1740 1473 vitam
1766 1400 1840 1474 eius

314 1547 447 1599 narrem
468 1523 522 1596 val
536 1519 663 1596 laudes
682 1519 862 1595 celebrem.
909 1517 1203 1618 Impossibilium,
1231 1527 1270 1591 ut
1293 1543 1356 1591 nos
1381 1518 1549 1607 dicimus,
1567 1519 1662 1593 nulla
1682 1526 1735 1592 est
1754 1519 1840 1593 obli·

172 1722 177 1729 ,
313 1642 431 1744 gatio,
452 1642 520 1717 nisi
537 1641 624 1716 forte
646 1641 747 1740 quis,
773 1638 868 1738 quod
888 1663 954 1738 ego
973 1639 1119 1737 impium
1141 1663 1181 1713 ac
1204 1637 1298 1712 nefas
1318 1637 1508 1727 ducebam,
1534 1647 1572 1712 ut
1590 1638 1782 1737 colligendo
1802 1663 1841 1713 sc

314 1762 496 1838 scribendo
520 1769 667 1836 mortem
691 1761 821 1836 summi
845 1760 909 1835 siri
932 1767 1199 1857 representarem
1221 1759 1408 1833 maluisset.
1433 1761 1620 1848 Attamen,
1647 1759 1740 1858 quod
1756 1784 1841 1858 ego,

315 1882 345 1958 si
370 1883 514 1957 consita
532 1880 692 1968 tulisset,
718 1881 862 1955 aliorum
887 1878 1091 1954 auctoritate
1114 1887 1148 1951 et
1170 1903 1228 1952 ore
1253 1879 1389 1953 locutus
1413 1902 1545 1970 essem,
1571 1879 1673 1978 longe
1697 1881 1841 1970 melius,

316 2012 355 2080 ut
376 2002 462 2078 mibi
481 2002 655 2091 blandior,
682 2003 838 2102 proximo
860 2025 952 2075 anno
970 2025 1013 2073 ex
1036 2024 1099 2073 sua
1121 1999 1231 2098 ipsius
1253 1998 1395 2075 scientia
1415 1999 1571 2073 dicturus
1594 2008 1665 2088 est,
1689 2001 1740 2075 vir
1762 2001 1840 2075 Cla·
1938 2061 1942 2068 .

317 2123 495 2211 tissimus,
518 2121 716 2221 Theologus
732 2120 880 2195 eximius
903 2129 938 2193 et
962 2120 998 2193 in
1013 2118 1170 2194 Historia
1185 2119 1356 2194 Ecclesiae
1373 2119 1589 2194 Neerlandae
1608 2120 1657 2194 ita
1673 2129 1844 2217 versatus,

318 2250 358 2318 ιιι
385 2267 487 2318 namo
511 2241 663 2341 prolecto
689 2241 829 2316 futurus
853 2241 916 2328 sit,
950 2239 1012 2339 qui
1040 2265 1115 2314 mea
1141 2239 1313 2314 adscititia
1337 2241 1596 2339 quodammodo
1622 2241 1841 2318 desiderabit.

367 2364 590 2461 Quemquam
630 2371 747 2459 autem
783 2386 851 2436 non
892 2371 1021 2448 morte,
1061 2385 1151 2434 unus
1188 2386 1225 2434 re
1262 2386 1302 2435 es
1339 2385 1484 2435 numero
1515 2371 1633 2434 nostro
1668 2361 1842 2450 eximitur,

318 2505 421 2581 quem
442 2481 587 2557 minime
610 2482 767 2557 omnium
791 2481 895 2555 eximi
916 2481 1153 2556 voluissemus.
1190 2482 1262 2568 Tu,
1290 2481 1486 2555 Clarissima
1510 2481 1563 2554 De
1587 2481 1687 2568 wal,
1710 2481 1843 2579 invitus

316 2601 443 2676 invitos
468 2602 609 2676 deseris.
661 2601 794 2674 Invitos
820 2602 974 2698 inquam.
1027 2602 1148 2675 Dicam
1182 2603 1273 2676 enim
1309 2601 1403 2700 quod
1429 2602 1549 2677 sentio.
1600 2601 1650 2674 Τι
1679 2601 1842 2675 cariorem

316 2723 496 2820 Collegam
519 2744 712 2818 numquam
739 2718 943 2808 habuimus,
969 2729 1003 2793 tc
1027 2721 1190 2794 cariorem
1210 2723 1490 2820 Praeceptcrem,
1517 2729 1621 2796 testes
1646 2729 1755 2795 estote
1781 2722 1842 2820 qui

318 2840 377 2914 bic
405 2839 533 2915 adestis
569 2842 711 2914 omnesl
749 2839 836 2913 nulli
875 2863 1040 2938 umquam
1080 2840 1230 2914 habuere
1265 2841 1436 2939 discipuli.
1486 2843 1532 2914 Et
1568 2842 1653 2940 quid
1688 2842 1842 2915 mirum?
1949 2869 1953 2876 ·

318 2961 542 3057 Quamquam
572 2959 609 3032 in
641 2958 704 3033 hac
733 2958 921 3034 Academia
949 2982 1062 3056 neque
1091 2959 1273 3034 institutus
1301 2984 1412 3058 neque
1438 2962 1649 3050 instructus,
1684 2961 1765 3034 inde
1797 2963 1841 3035 ab

267 3173 270 3182 .
320 3079 470 3154 adventu
497 3087 579 3170 tuo,
616 3103 692 3152 eam
719 3079 769 3152 ita
802 3079 839 3152 in
869 3103 984 3153 amore
1011 3089 1047 3152 et
1080 3079 1211 3152 deliciis
1238 3080 1391 3154 habuisti
1420 3081 1537 3178 itaque
1565 3091 1680 3153 noster
1706 3105 1780 3154 eras
1807 3090 1842 3155 et

320 3209 435 3272 noster
457 3199 634 3287 mansisti,
661 3208 700 3273 ut
732 3222 935 3299 persuasum
963 3199 1049 3274 mihi
1078 3200 1139 3288 sit,
1166 3223 1274 3298 quum
1300 3225 1319 3273 e
1349 3209 1536 3296 conspectu
1563 3216 1679 3272 nostro
1714 3201 1842 3290 aberis,

319 3317 525 3417 collegarum
547 3343 721 3417 quemque
747 3343 787 3392 ao
813 3318 929 3393 animo
952 3318 1114 3394 affectum
1141 3320 1205 3408 iri,
1231 3319 1329 3418 quasi
1354 3320 1478 3393 sentiat
1502 3319 1653 3418 aliquem
1678 3345 1720 3394 ιιι
1741 3331 1841 3395 ιοιιιι

320 3447 436 3512 nostro
459 3438 596 3527 deesse,
623 3462 726 3538 quem
754 3439 873 3513 deesse
893 3462 1085 3537 numquam
1107 3447 1315 3538 oportuerat.
1357 3444 1406 3513 At
1430 3464 1508 3514 vero
1532 3441 1602 3514 duo
1626 3449 1727 3528 sunt,
1753 3465 1842 3539 quae

320 3557 420 3633 nobis
446 3559 607 3633 solatium
635 3558 789 3634 afferant.
839 3560 1016 3646 Primum,
1042 3559 1137 3657 quod
1170 3568 1204 3632 te
1235 3559 1350 3633 vivum
1382 3561 1523 3658 quidem
1551 3561 1841 3650 desiderabimus,

320 3703 388 3753 non
414 3688 590 3755 mortuum
616 3679 789 3779 lugemus.
823 3676 940 3766 Vivis,
965 3679 1036 3753 imo
1061 3679 1165 3754 etiam
1186 3681 1221 3753 in
1249 3681 1413 3755 Senatum
1439 3680 1554 3753 venies
1575 3680 1842 3780 designabisqne

321 3799 428 3876 oculis
453 3799 525 3874 tais
550 3823 837 3899 unumquemque
862 3808 1036 3888 nostrum,
1061 3800 1106 3875 ad
1129 3808 1277 3874 veterem
1303 3827 1392 3900 quae
1421 3800 1520 3874 nobis
1543 3809 1657 3874 tecum
1681 3802 1841 3876 interces-

324 3919 368 3992 sit
390 3919 680 3994 necessitudinem
701 3919 917 3994 retinendam
937 3927 972 3993 et
992 3920 1287 3995 corroborandam.
1340 3921 1498 3996 Alterum
1520 3933 1590 4009 est,
1615 3920 1709 4017 quod
1732 3921 1840 3995 otium
1918 3931 1921 3937 '

322 4037 387 4112 tibi
419 4063 501 4112 cum
538 4063 676 4114 summo
712 4037 838 4113 bonore
872 4050 909 4113 et
941 4039 1111 4138 dignitate
1145 4065 1366 4135 concessum,
1411 4041 1632 4117 coniunctum
1668 4050 1722 4113 est
1761 4065 1841 4114 cum

323 4157 493 4234 eiusmodi
518 4159 677 4258 negotio,
714 4183 784 4257 quo
820 4185 883 4234 nec
910 4160 1113 4249 iucundius,
1152 4186 1215 4235 nec
1240 4163 1377 4259 gravim
1404 4163 1468 4236 tibi
1494 4184 1660 4258 umquam
1688 4157 1844 4236 rinandari

322 4279 448 4376 potuit.
497 4279 544 4352 Et
569 4277 740 4376 prolecto,
768 4281 798 4353 si
820 4304 983 4379 umquam
1014 4306 1068 4355 ars
1093 4280 1242 4380 eligendi
1269 4281 1379 4355 deluit
1405 4283 1466 4369 iis,
1493 4281 1552 4378 qui
1577 4279 1666 4376 regis
1689 4305 1709 4355 a
1732 4283 1842 4355 consi·

323 4397 378 4472 liis
408 4407 510 4487 sunt,
550 4424 619 4473 non
657 4400 778 4498 utique
811 4400 921 4474 deluit
958 4409 1052 4489 tum,
1091 4426 1199 4500 quum
1239 4415 1273 4475 te
1310 4411 1556 4501 praeponerent
1593 4403 1844 4499 quinque-viris

324 4518 460 4617 legibus
482 4520 686 4618 poenalibus
711 4520 910 4595 scribendis.
962 4523 1078 4600 Quem
1113 4521 1204 4595 enim
1240 4523 1407 4619 potiorem
1442 4533 1475 4596 te
1502 4522 1679 4596 nominare
1712 4523 1842 4620 potuis

326 4649 422 4728 sent,
447 4640 508 4739 qui
532 4665 612 4715 cum
635 4641 834 4738 perplures
861 4665 970 4716 annos
994 4665 1122 4740 magno
1151 4642 1305 4717 omnium
1330 4642 1499 4743 applausu
1519 4644 1575 4717 ius
1597 4642 1738 4741 poenale
1764 4668 1841 4741 pro·

323 4758 458 4850 fessus,
484 4770 560 4836 tum
586 4761 808 4859 magistratus
836 4755 903 4836 usu
928 4771 1089 4861 expertus
1113 4787 1172 4850 es,
1198 4763 1283 4862 quid
1309 4763 1342 4838 ei
1367 4763 1478 4837 morbi
1504 4763 1618 4836 vitiive
1644 4762 1688 4834 sit
1713 4763 1842 4860 quique

324 4887 499 4977 praeterea
520 4906 561 4955 ee
583 4905 619 4954 es
642 4879 750 4955 enimi
772 4883 1060 4972 mansuetudine,
1087 4892 1126 4956 nt
1145 4907 1208 4956 nec
1228 4883 1344 4958 omnia
1363 4893 1502 4982 peccata
1524 4883 1636 4981 paria,
1660 4907 1723 4955 nec
1740 4906 1842 4957 omne
