4984 6286
943 695 1222 768 ORATIO.
1804 703 1845 770 11

317 907 549 996 convenisset,
585 913 659 982 erat
684 905 881 1006 imperium.
934 905 972 978 Si
999 907 1085 1005 quid
1113 931 1271 1008 perverse
1292 891 1451 1009 tetreque
1475 907 1613 985 lecisset
1640 909 1845 990 mulctabat.

320 1031 358 1106 Si
383 1030 503 1106 viuum
530 1026 674 1102 bibisset
700 1025 753 1101 val
786 1049 867 1102 cum
900 1024 1012 1100 alieno
1047 1027 1119 1102 viro
1143 1026 1260 1127 probri
1287 1028 1374 1128 quid
1404 1028 1542 1105 fecisset
1577 1029 1844 1110 condemnabat.

319 1151 454 1228 Verum
485 1171 530 1223 ua
561 1147 599 1222 in
626 1171 702 1223 eam
737 1145 880 1245 quidem
907 1146 1047 1244 gravim
1071 1147 1343 1224 animadvertere
1374 1147 1453 1248 quis
1486 1171 1593 1225 ausas
1629 1158 1740 1241 esset,
1777 1152 1847 1228 nisi

320 1271 437 1372 prius,
472 1268 548 1343 eins
572 1266 667 1366 quod
699 1273 931 1367 perpetrasset
963 1267 1123 1342 certiores
1147 1267 1302 1358 fecisset,
1327 1275 1510 1374 cognatos,
1546 1268 1676 1370 quibus
1708 1271 1847 1348 arbitris
1923 1267 1924 1270 ’

323 1401 360 1467 et
388 1387 537 1466 testibus
561 1393 683 1486 utpote
704 1387 812 1462 index
842 1387 1048 1462 mutantium
1077 1387 1220 1464 ferebat.
1270 1388 1421 1466 Inficieri
1448 1389 1546 1480 nolo,
1582 1415 1626 1465 ex
1649 1391 1737 1466 meri
1762 1391 1849 1468 iuris

325 1512 437 1610 rigore
463 1531 607 1584 uxorem
643 1507 863 1606 aliquatenus
894 1507 944 1582 rei
971 1508 1045 1583 loco
1069 1509 1223 1608 potuisse
1249 1517 1285 1585 et
1311 1510 1499 1609 mancipari
1529 1518 1565 1585 et
1589 1510 1735 1610 ueueapi
1759 1511 1852 1587 etsi
1934 1591 1939 1598 ,

325 1631 410 1731 quid
433 1619 691 1730 acquisivisset,
704 1651 754 1702 se
778 1627 902 1702 marito
925 1628 1157 1727 acquisivisse.
1208 1631 1281 1705 Ea!
1309 1631 1357 1706 sic
1381 1631 1594 1722 exclamant,
1629 1630 1691 1730 qui
1720 1631 1851 1731 species

322 1776 459 1840 rerum,
494 1774 564 1825 uon
587 1774 642 1824 res
668 1749 763 1848 ipses
795 1748 932 1835 vident,
961 1747 1197 1823 Romanorum
1225 1774 1347 1824 uxores
1370 1748 1556 1823 liberorum
1581 1755 1720 1825 tantam
1745 1773 1852 1848 quaa·

324 1872 511 1949 rendorum
546 1895 651 1946 cause
686 1860 919 1968 comparatas,
955 1867 1000 1941 ad
1034 1869 1236 1944 ancillarum
1271 1869 1380 1945 instar
1407 1867 1544 1943 habitas
1570 1875 1606 1942 st
1637 1891 1700 1968 pro
1736 1868 1853 1945 lubitu

324 1992 542 2093 repudiatas,
566 2013 664 2077 amor
685 1988 877 2088 coniugalis
901 2011 1014 2087 neque
1037 1989 1262 2064 orientalibus
1284 1989 1421 2089 populis
1442 2005 1559 2087 neque
1576 1989 1718 2065 Graecis
1738 2011 1854 2088 neque

325 2112 495 2188 Romanis
527 2110 705 2210 cognitus,
741 2109 969 2207 posteriorum
997 2107 1125 2184 scilicet
1159 2109 1223 2184 hoc
1260 2117 1455 2209 temporum
1483 2103 1684 2184 inventuml
1735 2109 1854 2188 Quam

327 2231 465 2332 egregie
486 2229 663 2318 falluntur,
689 2229 749 2328 qui
773 2229 980 2328 populorum
1004 2253 1116 2305 mores
1136 2231 1295 2330 vitaeque
1315 2229 1485 2304 rationem
1509 2230 1555 2305 ad
1575 2229 1713 2305 unicam
1734 2230 1853 2329 legum

327 2341 483 2426 hermem
508 2349 645 2450 erigere
671 2349 792 2425 solent.
844 2349 935 2424 Mihi
957 2349 1104 2425 creditel
1158 2351 1308 2426 Romani
1329 2350 1487 2426 nondum
1512 2348 1633 2424 saltem
1659 2346 1854 2449 depravatis

312 2467 500 2562 moribus,
525 2493 594 2546 non
619 2493 719 2544 secus
742 2477 848 2568 atque
873 2494 938 2545 uos
962 2495 1087 2546 uxores
1111 2493 1191 2546 suas
1224 2470 1388 2546 amabant
1419 2476 1454 2544 et
1481 2469 1674 2572 diligebant
1694 2475 1730 2542 et
1755 2465 1855 2542 vicis·

328 2589 393 2665 sim
416 2588 461 2665 ah
484 2588 528 2663 iis
564 2587 775 2665 amabantur
809 2597 844 2665 et
880 2589 1125 2691 diligebantur.
1175 2589 1339 2667 'l'estatur
1363 2588 1540 2680 Historia,
1576 2589 1646 2689 qud
1679 2588 1855 2678 docemur,

327 2707 530 2809 quingentis
553 2708 655 2783 annis
676 2716 756 2806 post
781 2709 929 2784 Romam
955 2711 1130 2788 conditam
1154 2712 1268 2786 nullae
1294 2712 1344 2786 rei
1370 2710 1509 2786 uxoriae
1545 2709 1697 2786 actiones
1728 2707 1857 2799 luiso,

327 2829 434 2904 nullis
468 2827 538 2901 fare
578 2827 807 2906 matrimoniis
845 2828 1118 2922 divertentibus,
1158 2839 1331 2907 testantur
1364 2832 1549 2906 innumera
1584 2853 1674 2928 quae
1703 2837 1858 2904 nostram

328 2954 475 3025 aetatem
509 2946 665 3020 tulerunt
692 2956 935 3037 monumenta,
962 2957 1135 3024 testantur
1167 2956 1329 3026 sexcenta
1352 2951 1455 3039 fidei,
1492 2949 1651 3049 pietatis,
1684 2947 1855 3038 caritatis,

328 3065 496 3142 castitatis
522 3065 695 3164 exemplo,
721 3072 868 3141 testatur
895 3067 1078 3168 pulchrum
1102 3069 1190 3144 illud
1220 3069 1315 3169 quod
1347 3071 1480 3146 Romae
1516 3067 1693 3145 colebatur
1715 3066 1857 3168 signum

330 3185 543 3275 Pudicitiae,
568 3185 663 3285 quod
687 3186 784 3262 nefas
807 3197 880 3262 erat
901 3188 1046 3288 attingi,
1081 3189 1149 3262 nisi
1171 3189 1216 3264 ab
1241 3214 1283 3264 ee
1307 3212 1397 3288 quae
1431 3189 1539 3264 semel
1569 3187 1763 3287 nupsisset,
1788 3193 1858 3263 tes·

320 3314 424 3388 ,tatur
445 3304 541 3405 quod
567 3305 616 3380 eit
642 3305 834 3381 Columella
869 3307 977 3382 anihil
1002 3309 1208 3386 cernebatur
1229 3309 1267 3383 in
1295 3309 1401 3384 domo
1428 3306 1613 3396 dividam,
1651 3306 1739 3381 nihil
1764 3305 1861 3406 quod

331 3427 477 3502 maritus
501 3434 563 3501 ant
586 3425 716 3510 lemine
747 3426 925 3527 proprium
956 3429 1010 3503 sui
1034 3429 1120 3503 iuris
1151 3429 1324 3518 dicerot;”
1349 3435 1498 3504 testatur
1522 3413 1673 3527 deniqne
1703 3428 1861 3502 lotorum

331 3548 569 3623 Romanorum
594 3547 805 3622 matrimonii
831 3546 1035 3648 descriptio,
1062 3575 1131 3648 qna
1158 3574 1221 3625 aec
1244 3549 1518 3650 elegantiornec
1545 3547 1742 3624 concinnior
1761 3570 1859 3647 repe-

333 3668 391 3744 riri
415 3675 530 3768 potest
562 3667 793 3743 reonsortium
814 3669 927 3744 omnis
951 3669 1061 3759 vitae,
1086 3669 1195 3746 divini
1219 3677 1255 3745 et
1278 3669 1422 3745 humani
1445 3668 1531 3744 iuris
1554 3667 1858 3744 communicatio.”

381 3787 655 3865 Paterfamilias
678 3789 739 3888 qui
761 3775 858 3864 v'irus
880 3789 916 3864 in
937 3777 1042 3864 domo
1066 3789 1259 3865 dominium
1282 3789 1452 3878 habebat,
1479 3788 1628 3864 moriens
1647 3788 1700 3863 uti
1718 3785 1861 3888 legassit

335 3933 438 4010 super
471 3908 618 4008 pecuma
651 3910 801 3986 tatelrve
835 3911 885 3985 rei
918 3935 1001 3987 suae
1032 3911 1082 3985 ita
1112 3910 1169 3984 ius
1206 3917 1305 4014 erat.v
1353 3910 1493 3985 Poterat
1530 3909 1649 4010 itaque
1687 3908 1860 3984 levissima

335 4030 389 4105 vel
419 4029 516 4104 nulla
543 4029 588 4102 de
622 4053 726 4105 causa
759 4029 987 4120 exheredare,
1022 4055 1109 4129 quos
1141 4029 1294 4105 occidere
1316 4028 1466 4106 licebat
1504 4029 1648 4118 Quahs,
1674 4029 1722 4102 sio
1744 4026 1860 4102 denuo

336 4146 581 4237 uociferantur,
612 4147 697 4223 iuris
727 4147 911 4247 iniquitas}
960 4148 1047 4224 Tam
1078 4147 1230 4247 maligne
1263 4149 1353 4222 circa
1374 4149 1579 4248 sauguinem
1603 4169 1706 4223 suum
1732 4144 1861 4222 versari

336 4291 437 4367 posse
468 4273 648 4366 parentes,
682 4274 923 4344 extraneorum
953 4268 1040 4342 forte
1069 4267 1302 4343 delinimentis
1333 4270 1388 4344 vel
1410 4266 1695 4368 instigationibus
1716 4284 1860 4366 corrup·

336 4390 409 4463 tosl
451 4387 532 4462 Non
562 4386 840 4464 animadvertunt
861 4389 998 4478 denuo,
1023 4389 1083 4487 qui
1104 4388 1159 4464 ius
1180 4389 1379 4496 ¹Iiorncuurn
1401 4394 1568 4488 carpunt,
1593 4388 1744 4488 viguisse
1765 4387 1861 4488 apud

195 4569 199 4576 .
337 4508 414 4583 illos
444 4507 666 4597 institutum,
698 4533 768 4606 quo
799 4508 855 4583 vix
886 4532 1055 4608 umquam
1086 4509 1162 4585 fieri
1194 4516 1347 4608 poterat,
1382 4516 1423 4585 ut
1452 4509 1531 4609 quis
1560 4507 1677 4585 liberis
1708 4508 1781 4584 suis
1811 4507 1863 4585 nil

338 4626 553 4702 merentibus
584 4626 782 4706 istiusmodi
817 4636 936 4704 nomm
967 4629 1129 4705 inureret.
1180 4627 1269 4705 Vive
1300 4652 1425 4729 nempe
1456 4652 1556 4727 voce,
1587 4652 1704 4706 eorem
1731 4629 1862 4730 populo

338 4746 384 4822 ad
417 4746 482 4823 hoo
508 4746 546 4822 in
568 4747 707 4824 comitia
729 4756 869 4838 umato,
895 4757 1038 4824 testator
1062 4756 1309 4824 testamentum
1333 4773 1439 4826 suum
1458 4774 1684 4850 nuncupans,
1710 4749 1861 4826 debebat

340 4867 466 4942 liberos
501 4891 582 4943 suos
612 4867 799 4942 exheredes
824 4867 945 4944 facere.
996 4868 1093 4943 Num
1120 4869 1229 4968 igitur
1254 4869 1437 4946 verisimile
1462 4869 1685 4960 existimatis,
1710 4876 1860 4968 petram·

1646 4988 1698 5064 2*
