4984 6286
585 1741 819 1803 tenuemus
839 1740 958 1802 LUGD.
979 1739 1065 1802 Bau.
1081 1737 1323 1811 UURA'IDBES,
1345 1737 1872 1814 wemnusunffism,81>no

622 1843 828 1916 Tamesim.

585 1966 865 2039 anomssonns,
886 1937 973 2027 vnn
993 1965 1225 2027 onaulssmn

584 2089 696 2153 ems
715 2089 949 2162 AOADEissOI,
974 2089 1172 2151 BONARUM
1192 2087 1349 2152 ARTIUM
1370 2088 1575 2162 spumosi.
1590 2085 1873 2150 anonumum

623 2191 932 2252 Auonasenuuau

584 2312 865 2395 UUIUSGUNQUE
885 2315 1048 2376 ORDINIS
1068 2315 1138 2376 mc
1154 2307 1327 2386 ADESTIS‚
1348 2313 1571 2376 AUDITORES
1589 2313 1871 2376 HUMANISSIMI.

392 2693 491 2769 Nihil
518 2697 681 2771 seratam
706 2696 827 2772 tritum
851 2706 904 2771 est
926 2721 966 2771 ao
990 2694 1149 2795 vulgare,
1174 2695 1260 2770 nihil
1280 2685 1352 2772 tem
1376 2693 1534 2769 omnium
1556 2720 1615 2770 ore
1637 2694 1871 2788 celebratum,

296 2851 299 2856 ¹
346 2840 454 2916 quam
477 2815 584 2905 illud,
608 2816 777 2914 cuiusque
801 2815 920 2914 populi
942 2827 1102 2890 naturam
1127 2822 1163 2888 et
1186 2814 1336 2890 indolem
1364 2814 1460 2890 nulla
1484 2839 1527 2888 ex
1550 2839 1586 2890 re
1615 2815 1741 2891 melius
1766 2839 1873 2912 quam

347 2961 389 3011 ex
413 2933 550 3034 legibus
574 2934 647 3009 suis
674 2935 823 3034 perspici
841 2943 876 3009 et
900 2934 1071 3034 cognosci.
1122 2933 1214 3008 Oum
1234 2934 1398 3008 nimirum
1417 2934 1569 3032 optimae
1588 2935 1659 3008 sint
1680 2935 1872 3032 meritoque

348 3054 540 3131 habeantur
572 3055 685 3154 leges,
721 3079 808 3153 ques
840 3054 990 3154 populus
1021 3053 1108 3127 serre
1139 3053 1266 3152 possit,
1298 3054 1386 3129 serre
1407 3061 1525 3130 autem
1552 3078 1654 3153 posse
1679 3053 1873 3128 censendus

347 3173 394 3274 sit
416 3173 553 3248 nonnisi
580 3197 657 3263 eas,
690 3197 779 3270 quae
801 3172 846 3248 ad
867 3171 1047 3272 ingenium
1073 3196 1254 3272 moresque
1277 3197 1363 3248 suos
1386 3172 1626 3248 aooomodntae
1654 3180 1756 3262 sunt,
1791 3172 1874 3247 inde

349 3294 448 3370 facile
471 3295 590 3392 sequi,
616 3293 730 3392 leges,
757 3294 786 3367 si
812 3293 899 3392 quid
925 3315 1113 3391 umquam,
1139 3317 1214 3367 esse
1237 3293 1436 3392 speculum,
1462 3294 1558 3393 quod
1578 3291 1726 3368 civitatis
1747 3292 1872 3392 imagi·

349 3439 429 3490 nem
465 3413 665 3489 fidelissime
703 3413 837 3490 referat.
890 3415 1012 3493 Quum
1029 3408 1239 3512 praeterea,
1278 3422 1317 3491 ut
1351 3414 1400 3490 ait
1434 3414 1627 3503 Iulianus‚·
1651 3415 1746 3514 leges
1774 3403 1872 3489 nullt
1920 3473 1924 3482 .

349 3534 416 3609 alia
438 3533 481 3608 de
509 3558 613 3609 oeusa
639 3557 702 3607 nos
729 3541 889 3623 teneant,
915 3518 1021 3632 quam
1048 3533 1143 3630 quod
1170 3534 1298 3608 iudicio
1319 3534 1440 3633 populi
1466 3541 1623 3634 receptae
1649 3540 1752 3623 sunt,
1778 3534 1873 3610 haud

349 3662 477 3728 temere
506 3655 585 3752 quis
610 3653 692 3736 inde
716 3652 893 3741 eontioiat,
925 3652 1008 3742 has,
1041 3651 1250 3750 simulatque
1275 3663 1462 3752 appareant
1489 3653 1689 3734 amoribus
1716 3654 1873 3753 aliquan·

350 3785 423 3848 tum
451 3772 655 3865 abhorrere,
681 3773 784 3847 simul
808 3797 889 3848 oum
914 3778 1048 3846 mutata
1072 3795 1187 3845 rerum
1211 3772 1297 3846 faeie
1322 3775 1495 3873 repudiari
1521 3799 1561 3849 ao
1584 3774 1690 3877 veluti
1711 3799 1874 3852 nummos

349 3892 546 3992 reprobatos
569 3893 727 3969 emedio
753 3891 934 3968 hominum
960 3891 1042 3967 tolli.
1094 3891 1173 3964 Hoe
1200 3899 1316 3967 tamen
1342 3918 1444 3993 saepe
1463 3917 1533 3968 non
1557 3894 1607 3970 ita
1629 3917 1703 3970 sese
1725 3894 1871 3987 habere,

349 4037 452 4088 nemo
486 4013 539 4088 vel
571 4012 751 4113 paululum
777 4037 892 4088 rerum
915 4020 1077 4112 expertus
1102 4011 1234 4088 inficias
1259 4012 1335 4088 ibit.
1386 4013 1498 4088 Cuius
1519 4015 1569 4089 rei
1594 4039 1737 4105 causas,
1762 4038 1880 4113 quon·¹

351 4148 426 4209 tum
454 4134 568 4209 sinant
593 4133 757 4232 temporis
783 4134 874 4207 intra
898 4156 986 4230 quas
1009 4131 1195 4206 concludor
1218 4134 1420 4232 angustiae,
1447 4133 1620 4208 heumihi
1645 4133 1727 4238 date
1749 4157 1872 4232 oppor-

351 4253 499 4329 tunitate
531 4253 714 4353 explanare
749 4252 922 4352 proposui.
973 4251 1096 4326 Dioem
1132 4251 1240 4351 igitur
1272 4252 1323 4326 de
1356 4251 1495 4328 variis
1525 4252 1674 4327 oausis
1707 4253 1873 4352 quibus

350 4373 424 4463 fit,
451 4386 498 4449 ut
524 4373 784 4474 populorum
809 4374 932 4472 leges
954 4371 1006 4446 ab
1030 4395 1178 4446 eorum
1206 4372 1401 4448 moribus
1426 4373 1694 4472 discrepent.

399 4611 594 4688 Hominum
615 4621 739 4687 natura
762 4612 811 4686 ita
832 4616 1028 4710 comparata
1051 4616 1104 4685 est
1112 4647 1136 4699 ‚·
1150 4617 1189 4683 ut
1217 4610 1462 4732 pleriquesuo
1487 4611 1603 4711 potius
1630 4636 1737 4713 quam
1762 4614 1874 4690 alieno

352 4732 493 4809 arbitrio
513 4733 606 4832 regi,
631 4733 675 4806 de
698 4731 855 4829 eoquod
883 4755 904 4805 a
929 4727 1062 4805 satiari
1089 4737 1151 4804 aut
1173 4753 1243 4803 non
1265 4730 1339 4804 fieri
1367 4739 1541 4830 oporteat,
1569 4758 1606 4808 ae
1627 4733 1722 4831 ipsos
1741 4733 1874 4810 iudices

352 4859 457 4951 atque
488 4851 633 4927 arbitros
660 4851 869 4926 constituere
903 4873 1009 4950 quam
1043 4848 1127 4926 alios
1154 4848 1255 4924 edere
1282 4850 1414 4929 malint.
1465 4851 1543 4928 Hae
1568 4851 1698 4928 scilieet
1723 4847 1874 4932 naturali
