4984 6286
945 748 1224 822 onusto.
1810 743 1851 810 15

321 958 450 1052 gantur
469 955 613 1034 vulnera
626 985 687 1051 eo,
713 963 807 1060 quod
821 963 858 1038 in
874 965 1050 1065 plerisque
1063 986 1153 1063 quae
1165 965 1349 1036 occurrunt
1364 952 1531 1056 negotiis,
1548 951 1704 1028 homines
1717 951 1764 1026 ad
1777 951 1847 1026 sin·

322 1071 424 1172 gulos
436 1080 574 1152 tantum
588 1078 733 1156 effectus
744 1083 983 1183 respicientes,
998 1084 1035 1159 id
1051 1082 1163 1159 solum
1177 1077 1471 1168 animadvertant,
1485 1073 1579 1172 quod
1594 1071 1702 1152 oculis
1717 1072 1846 1173 perspi-

322 1192 412 1269 citur
432 1195 598 1295 quodque
620 1206 703 1275 ante
724 1203 831 1301 pedes
853 1204 1007 1306 positum
1028 1211 1098 1294 est,
1124 1226 1240 1278 rerum
1261 1207 1378 1277 autem
1399 1207 1557 1274 naturam
1579 1206 1615 1272 et
1629 1223 1767 1287 causas,
1784 1221 1847 1274 nec
1890 1221 1894 1228 ·

322 1315 486 1416 indagare
514 1318 644 1411 velint,
675 1345 832 1423 necque
855 1326 1010 1426 plerique
1033 1331 1116 1400 sunt
1136 1320 1268 1423 ingenii
1291 1317 1544 1407 imbecillitate,
1567 1317 1596 1391 si
1618 1318 1743 1407 velint,
1768 1343 1846 1417 pos·

322 1433 403 1510 sint.
438 1438 546 1517 Quod
569 1463 650 1516 cum
675 1443 834 1520 universe
857 1471 976 1522 verum
1001 1452 1072 1535 est,
1098 1454 1175 1520 tum
1195 1443 1231 1517 in
1254 1442 1329 1516 iure
1351 1437 1531 1514 condendo
1551 1437 1731 1512 observare
1756 1438 1845 1516 licet.
1968 1440 1974 1454 “

368 1557 434 1632 Est
458 1582 585 1658 nempe
614 1561 697 1637 boni
726 1589 766 1639 ac
797 1565 931 1664 providi
956 1562 1160 1666 legislatoris
1186 1569 1352 1661 perpetuo
1387 1583 1426 1632 ac
1452 1565 1648 1633 constanter
1673 1556 1846 1656 vigilando

321 1680 357 1750 et
379 1674 641 1778 investigando,
677 1706 795 1759 secum
821 1692 999 1784 reputare,
1035 1683 1121 1784 quid
1146 1683 1192 1758 ad
1216 1679 1301 1756 iuris
1327 1678 1604 1753 emendationem
1630 1678 1740 1752 valeat
1766 1702 1846 1752 oon·

322 1793 443 1872 stituta
470 1822 533 1874 seu
566 1809 701 1878 mutata
730 1805 909 1904 regiminis
942 1806 1072 1894 forma,
1110 1803 1194 1902 quid
1229 1826 1316 1877 nova
1344 1823 1433 1898 quae
1468 1797 1623 1897 quotidie
1656 1797 1693 1872 in
1731 1822 1845 1873 rerum

322 1937 389 1990 usu
412 1916 567 1994 existunt
590 1922 749 2020 negotia,
775 1949 923 2024 quorum
945 1925 1059 2000 nullae
1080 1947 1193 2022 neque
1217 1919 1463 2021 appellationes
1486 1943 1599 2018 neque
1620 1917 1749 1993 formae
1770 1919 1846 1994 iure

321 2035 415 2111 civili
440 2039 595 2137 proditae
621 2050 724 2132 sunt,
759 2045 845 2143 quid
871 2046 1021 2145 denique
1043 2044 1081 2119 id
1111 2042 1206 2142 qnod
1230 2041 1317 2116 aliae
1347 2039 1508 2115 cultiores
1531 2045 1653 2137 gentes
1680 2037 1768 2112 circs
1790 2037 1847 2114 ius
1938 2123 1942 2128 ,

321 2181 428 2232 suum
453 2160 683 2257 praestiterint
707 2164 871 2264 quodque
897 2175 936 2242 nt
959 2165 1137 2264 integrum
1163 2162 1216 2237 vel
1237 2161 1362 2260 partim
1389 2158 1584 2259 recipiatur,
1610 2158 1757 2258 dignum
1781 2164 1845 2234 est.

321 2279 413 2368 Tum
441 2303 517 2354 vcro
539 2283 781 2379 potissimum,
806 2309 886 2359 oum
921 2285 1014 2360 videt
1045 2281 1187 2382 aliquod
1209 2281 1246 2353 in
1270 2279 1467 2354 societatem
1493 2277 1668 2378 irrepsisse
1695 2277 1846 2367 malum,

322 2398 426 2474 debet
449 2424 588 2478 omnem
610 2429 710 2491 suam
726 2427 844 2480 curam
861 2415 896 2480 et
911 2404 1127 2506 diligentiam
1151 2400 1335 2489 adhibere,
1362 2425 1405 2475 ns
1420 2398 1629 2472 luxuriosius
1642 2406 1771 2473 crescat
1785 2406 1846 2474 aut

319 2516 423 2593 latius
446 2530 580 2622 serpat,
606 2523 713 2622 idque
734 2547 813 2598 cum
837 2525 1045 2625 explorando
1061 2547 1175 2598 veram
1193 2521 1425 2595 meliosusam
1442 2526 1477 2591 et
1491 2518 1676 2617 originem,
1701 2527 1777 2592 tum
1792 2519 1846 2592 in·

319 2638 506 2736 quirendo,
521 2641 700 2740 quodnam
716 2667 759 2716 ex
775 2644 877 2718 variis
889 2668 978 2741 quae
993 2643 1185 2718 afferuntur
1198 2637 1375 2726 remediis,
1391 2661 1470 2712 cum
1486 2637 1635 2712 maxima
1647 2639 1846 2714 efficacitate

318 2757 504 2834 minimum
529 2783 647 2836 seeum
671 2761 784 2838 trahat
805 2763 1026 2836 incommodi.
1078 2760 1185 2839 Quod
1200 2761 1229 2834 si
1243 2768 1362 2834 contre
1379 2783 1440 2858 per
1453 2757 1611 2832 inertiam
1628 2757 1847 2834 mclooculos

319 2879 524 2969 connivens,
559 2889 700 2979 tempus
723 2891 959 2981 opportunum
983 2880 1128 2954 dimittit
1156 2888 1191 2954 et
1214 2879 1343 2953 factum
1365 2880 1540 2976 quoddam
1565 2879 1782 2977 inopinatum
1807 2903 1847 2954 ac

319 2996 433 3096 specie
455 3022 519 3073 sua
542 3023 626 3098 prae
647 3002 723 3076 aliis
744 3002 989 3100 conspicuum,
1015 3001 1111 3099 vulgi
1130 3001 1263 3075 animos
1285 3006 1425 3098 repente
1446 2998 1619 3096 percellit,
1645 2997 1760 3072 subito
1781 3023 1844 3073 un·

320 3115 425 3215 dique
439 3117 598 3192 oriuntur
605 3109 796 3209 clamores,
819 3143 895 3214 sam
912 3144 1002 3218 quac
1018 3127 1130 3194 exstat
1146 3120 1277 3217 legem,
1296 3143 1340 3192 nc
1354 3122 1528 3192 momento
1544 3117 1683 3215 quidem
1699 3118 1845 3216 emplius

319 3235 495 3326 obtinere,
523 3246 564 3311 ut
588 3238 708 3314 civitas
736 3247 824 3326 stet,
847 3239 938 3313 intra
960 3239 1202 3314 brevissimum
1227 3248 1366 3336 tempus
1389 3261 1511 3312 novam
1535 3236 1648 3335 rogari
1669 3246 1846 3336 oportere,

320 3356 424 3432 etsie
449 3357 591 3432 demum
611 3358 785 3458 legislator
807 3385 826 3434 e
849 3383 970 3434 somno
991 3383 1057 3434 suo
1079 3357 1358 3458 expergefactus,
1383 3357 1435 3432 vel
1456 3357 1584 3431 invitus
1605 3360 1740 3457 cogitur
1757 3358 1846 3435 lerre
1880 3402 1883 3412 ·

320 3474 432 3574 legem
467 3476 704 3575 repentinam,
740 3505 829 3578 quae
866 3480 952 3555 dum
987 3481 1049 3555 uni
1083 3480 1177 3579 quod
1199 3478 1380 3554 imminere
1405 3477 1539 3552 ridetur
1563 3478 1652 3552 malo
1674 3480 1844 3569 occurrit,

320 3595 386 3670 alia
410 3595 501 3694 parit
526 3597 646 3672 statim
672 3599 813 3696 quidem
841 3625 909 3676 non
935 3609 1115 3700 perspecta
1140 3600 1199 3674 sed
1225 3599 1260 3673 in
1287 3606 1463 3699 posterum
1489 3599 1589 3697 longe
1615 3598 1753 3674 maiora.

369 3715 480 3792 Vetus
503 3717 580 3791 urbi
605 3719 737 3795 Romae
763 3720 831 3796 luit
855 3721 1016 3797 foenebre
1042 3720 1173 3826 malum
1202 3718 1451 3795 discordiarum
1477 3725 1512 3792 et
1537 3718 1745 3796 seditionum
1771 3745 1842 3796 cre·

268 3831 271 3836 ‘
320 3833 469 3911 berrime
490 3861 606 3912 causa.
657 3837 873 3916 cohaerebat
895 3840 959 3914 hoc
982 3839 1112 3915 malum
1133 3864 1211 3914 cum
1233 3837 1397 3938 peculiari
1417 3838 1605 3914 incolarum
1626 3839 1841 3930 conditione,
1977 3832 1980 3838 ’

322 3979 401 4030 cum
424 3957 661 4033 Romanorum
690 3959 827 4034 vivendi
859 3983 1004 4059 genere,
1034 3983 1114 4034 cum
1139 3983 1313 4034 servorum
1343 3958 1586 4046 multitudine,
1622 3984 1701 4034 cum
1737 3960 1842 4035 bello·

321 4098 400 4149 rum
428 4099 517 4174 quae
549 4078 760 4176 gerebantur
789 4078 1001 4177 frequentia,
1025 4102 1105 4153 cum
1138 4078 1295 4153 universo
1317 4077 1467 4176 denique
1495 4080 1704 4178 reipublicae
1728 4086 1839 4168 statu,

322 4218 425 4294 quem
454 4195 606 4273 indicare
631 4222 724 4273 nunc
748 4223 865 4274 meum
890 4221 960 4273 non
986 4207 1056 4290 est,
1091 4199 1152 4273 sed
1181 4223 1283 4297 quem
1309 4197 1468 4272 funditus
1490 4196 1713 4272 evertendum
1735 4198 1842 4274 luisse

321 4324 470 4407 constat,
507 4319 537 4394 si
572 4319 704 4394 malum
738 4343 809 4418 quo
840 4320 884 4395 de
920 4319 1047 4419 egitur,
1083 4318 1249 4394 radicitus
1284 4318 1463 4417 exstirpari
1504 4318 1700 4396 voluissent.
1751 4320 1842 4397 Vere

321 4444 437 4511 antem
472 4437 549 4514 eius
582 4445 706 4514 nature
728 4464 768 4514 ac
798 4463 902 4514 causa
933 4464 1042 4539 quum
1076 4462 1144 4513 non
1179 4438 1301 4513 luisset
1332 4445 1529 4537 perspecta,
1556 4438 1656 4513 variis
1679 4440 1844 4541 deinceps·

319 4557 510 4633 tribunitiis
540 4557 779 4658 rogationibus
808 4584 991 4634 usurarum
1028 4559 1152 4634 modus
1187 4557 1253 4632 luit
1287 4557 1506 4633 constitutus.
1558 4561 1606 4634 At
1641 4583 1721 4634 cum
1760 4561 1841 4637 data

320 4676 436 4775 aliqua
457 4679 734 4778 opportunitate,
759 4679 975 4780 apparuisset
997 4679 1115 4754 invitis
1135 4679 1212 4754 istis
1242 4677 1446 4777 plebiscitis,
1474 4671 1709 4778 plebcm'aere
1731 4681 1841 4756 elicno

320 4797 426 4872 luisse
460 4821 657 4898 oppressam
696 4808 731 4873 et
760 4799 972 4887 demersam,
1007 4800 1169 4876 tribunus
1206 4798 1317 4897 plebis
1354 4800 1576 4898 nescioquis
1612 4800 1691 4875 tulit
1727 4801 1840 4900 legem

320 4940 467 5019 eamque
506 4921 600 5019 (qma
631 4921 783 5015 dubitat)
816 4921 915 5021 plebs
948 4920 1075 5021 cupide
1112 4921 1229 5010 scirit,
1266 4946 1309 4996 ne
1344 4920 1484 4996 omnino
1506 4919 1679 4995 foenerare
1704 4919 1840 5010 liceret,
