4984 6286
643 709 687 775 64
1084 711 1119 776 Β.
1155 711 1179 775 l.
1216 709 1452 776 Llll'l’ELO
1487 713 1549 776 DE
1583 711 1724 777 Gllllll

642 929 777 993 nostros
805 917 992 1016 ampliavit.
1051 917 1256 1016 Optandum
1285 928 1323 992 ut
1347 919 1450 994 multi
1472 918 1547 994 eius
1573 920 1772 1020 exemplum
1796 919 1988 998 imitentur.
2038 921 2165 996 Museo

642 1038 785 1112 accessit
815 1036 885 1110 iam
918 1035 1161 1111 laboratorium
1198 1037 1390 1112 anatomiac
1419 1046 1634 1140 comparatae
1666 1040 1792 1114 studiis
1827 1039 2062 1130 destinatum,
2095 1065 2166 1140 quo

643 1157 711 1232 iam
732 1157 848 1255 plures
868 1157 913 1231 ad
935 1158 1169 1257 experimenta
1190 1157 1404 1234 instituenda
1431 1160 1484 1233 usi
1502 1170 1604 1250 sunt,
1629 1161 1745 1260 plures
1766 1185 1893 1236 usuros
1913 1169 2165 1260 exspectamus.

692 1273 954 1376 laboratorium
989 1273 1180 1348 chemicum
1218 1275 1342 1349 usibus
1378 1277 1539 1352 inservire
1570 1281 1720 1376 perrexit
1746 1289 1782 1353 et
1810 1279 1981 1377 quaedam
2007 1280 2167 1355 restituta

645 1401 680 1467 et
701 1395 884 1469 emendata
905 1403 1007 1483 sunt,
1042 1394 1105 1468 hoc
1130 1419 1243 1484 anno,
1282 1396 1398 1470 uthis
1422 1397 1547 1486 studiis
1571 1399 1700 1497 quibus
1729 1400 1941 1476 destinatum
1965 1408 2020 1475 est
2045 1409 2166 1501 aptum

644 1523 680 1589 et
704 1514 867 1588 idoneum
895 1525 1160 1590 conservaretur.
1356 1593 1360 1602 ,
1880 1544 1883 1550 ·

695 1633 978 1708 Observatorium
1017 1633 1282 1708 astronomicum
1320 1634 1616 1711 observationibus
1650 1637 1792 1712 diversis
1821 1646 1938 1738 aptam
1965 1639 2166 1740 opportuni·

644 1764 750 1830 tatem
775 1754 944 1853 praebuit.
1180 1755 1182 1760 ’
1490 1766 1493 1770 ’

672 1874 954 1950 'Laboratorium
991 1873 1178 1971 Physicum
1212 1876 1330 1974 plures
1365 1875 1622 1950 emendationes
1651 1877 1816 1975 requirit,
1850 1887 1889 1951 ut
1924 1877 2019 1952 locus
2056 1877 2167 1977 magis

647 1996 726 2070 usui
756 1993 1042 2069 accommodetur.
1093 1996 1191 2070 Intra
1213 1995 1314 2069 breve
1339 1997 1494 2095 tempus,
1521 2007 1558 2070 ut
1582 1997 1808 2086 confidimus,
1831 1997 1915 2072 haec
1941 1997 2165 2098 configentur.
2235 2089 2237 2095 A

646 2115 711 2190 Vel
746 2116 794 2189 sic
827 2124 944 2189 tamen
976 2114 1167 2214 optandum
1195 2139 1330 2213 semper
1351 2125 1466 2190 manet
1494 2125 1534 2189 ut
1560 2117 1748 2214 aliquando
1769 2141 1899 2192 novum
1922 2117 2165 2193 laboratorium

647 2241 862 2326 exstruatur,
887 2234 981 2332 quod
1008 2235 1108 2333 plene
1130 2235 1183 2309 his
1209 2234 1333 2308 studiis
1355 2236 1549 2310 satisfacere
1571 2237 1691 2336 possit.
1743 2237 1781 2310 Si
1805 2236 1910 2312 etiam
1932 2260 2025 2311 nunc
2043 2260 2168 2310 manus

646 2354 831 2430 adiutrices
868 2354 1173 2442 desiderabantur,
1211 2379 1299 2454 quac
1335 2357 1372 2429 in
1406 2356 1649 2456 experimentis
1673 2356 1838 2431 faciendis
1862 2365 1933 2430 tam
1958 2355 2169 2430 necessariae

647 2483 747 2563 sunt,
785 2499 962 2572 speramus
991 2474 1062 2548 fore
1096 2484 1135 2548 ut
1166 2474 1246 2548 huic
1282 2475 1432 2584 defectui
1456 2476 1524 2550 iam
1552 2485 1780 2553 succurratur.
1831 2469 1995 2550 Ceterum
2015 2474 2170 2550 collectio

645 2595 955 2668 instrumentorum
980 2593 1199 2694 physicorum
1224 2595 1433 2693 quibusdam
1458 2596 1557 2670 novis
1580 2597 1820 2675 instrumentis
1843 2596 2049 2695 locupletata
2071 2603 2135 2670 est.

697 2713 808 2788 Venio
830 2715 874 2788 ad
900 2715 1146 2790 Nosocomium
1169 2713 1429 2789 Academicum.
1481 2717 1563 2792 Quo
1584 2715 1683 2812 plura
1705 2738 1798 2788 nunc
1825 2713 1972 2801 desunt,
1997 2737 2038 2786 oo
2062 2712 2170 2788 maior

646 2834 871 2934 exspectatio,
906 2859 947 2907 co
979 2835 1090 2908 maius
1122 2832 1292 2933 gaudium
1327 2833 1371 2906 de
1403 2858 1491 2908 novo
1515 2835 1712 2908 nosocomio
1734 2833 1893 2932 perlecto.
1943 2833 2027 2908 Post
2049 2833 2170 2908 nubila

646 2956 716 3030 lux.
759 2953 970 3027 Absolutum
993 2954 1062 3026 iam
1084 2961 1136 3028 est
1159 2952 1374 3041 aedificium,
1399 2962 1566 3052 parantur
1587 2955 1703 3029 omnia
1728 2953 1934 3043 neccssaria,
1961 2954 2074 3040 veniet
2099 2954 2168 3028 iam

646 3076 786 3150 tandem
821 3073 878 3147 illc
913 3073 1007 3165 dies,
1041 3098 1110 3171 quo
1141 3073 1252 3172 aegris
1289 3074 1450 3148 curandis
1482 3084 1516 3148 et
1551 3074 1783 3148 instituendae
1807 3074 1981 3149 iuventuti
2006 3073 2167 3148 inservire

647 3194 783 3293 poterit.
835 3193 873 3264 Si
906 3216 946 3266 ea
979 3217 1068 3291 quae
1102 3192 1164 3266 diu
1199 3193 1391 3266 desiderata
1425 3194 1553 3268 fuerint
1581 3219 1622 3268 ao
1652 3193 1752 3268 nobis
1783 3195 1911 3269 cariora
1937 3219 2011 3270 esse
2037 3192 2167 3281 solent,

649 3339 719 3412 quo
745 3312 876 3388 diutius
900 3320 1116 3411 exspectata,
1152 3311 1216 3387 hoc
1247 3312 1400 3411 profecto
1424 3314 1660 3388 nosocomium
1681 3315 1845 3391 omnibus
1869 3314 2167 3414 exoptatissimum

650 3433 725 3521 erit,
752 3432 782 3506 si
796 3431 860 3506 hoc
878 3447 968 3505 anno
987 3432 1056 3505 iam
1074 3433 1232 3532 occupari
1254 3433 1390 3531 poterit,
1416 3445 1451 3507 et
1474 3434 1547 3507 sine
1568 3434 1676 3508 dubio
1689 3435 1747 3510 ille
1770 3460 1881 3509 sermo
1908 3434 1951 3509 de
1974 3432 2168 3510 nosocomio

649 3577 710 3651 per
732 3551 860 3626 multos
881 3575 990 3625 annos
1010 3552 1157 3649 querelis
1175 3553 1315 3650 plenus,
1340 3553 1459 3628 laudes
1479 3562 1513 3626 et
1532 3554 1630 3628 dotes
1654 3554 1732 3629 novi
1753 3553 1939 3629 nosocomii
1961 3552 2167 3639 celebrabit,

650 3671 744 3769 quod
768 3679 965 3745 curatorum
989 3677 1181 3746 nostrorum
1204 3673 1438 3771 providentiae
1458 3680 1493 3746 et
1512 3672 1768 3747 munificentiae
1787 3682 1823 3747 et
1844 3671 1966 3746 urbani
1987 3671 2166 3769 magistra·

650 3801 707 3864 tus
731 3815 832 3866 curae
857 3800 892 3864 et
916 3790 1043 3865 auxilio
1068 3791 1282 3866 debebimus.
1803 3819 1805 3824 ·

699 3910 976 4010 Physiologicum
1002 3910 1246 3985 laboratorium
1272 3911 1335 3986 hoc
1360 3937 1499 4010 quoque
1522 3937 1612 3987 anno
1637 3913 1774 4013 egregie
1799 3909 1962 3986 satisfecit
1986 3909 2048 3997 iis,
2077 3931 2168 4006 quae

649 4031 823 4105 institutio
861 4030 1093 4130 physiologica
1125 4031 1269 4129 requirit
1306 4031 1542 4130 optimamque
1575 4033 1733 4132 praebuit
1768 4029 2058 4131 opportunitatem
2087 4021 2166 4101 doc·

652 4152 761 4226 trinae
785 4152 989 4226 excolendae
1011 4151 1253 4249 experimentis
1272 4159 1307 4224 et
1324 4151 1645 4250 investigationibus
1670 4151 1719 4224 ibi
1742 4150 1921 4226 institutis.
1970 4149 2025 4224 De
2047 4171 2167 4222 museo

651 4271 861 4358 anatomico,
898 4271 1041 4370 aliisquo
1072 4270 1256 4359 subsidiis,
1290 4296 1380 4368 quae
1414 4271 1458 4345 ad
1492 4271 1699 4345 anatomiam
1732 4270 1922 4346 docendum
1956 4267 2166 4354 inserviunt,

509 4407 512 4414 ·
652 4413 719 4463 non
754 4389 863 4462 multa
895 4388 1040 4464 dicenda
1074 4389 1194 4465 habeo.
1243 4391 1370 4464 Omnia
1399 4389 1486 4463 bene
1513 4398 1711 4465 conservata
1740 4397 1840 4478 sunt,
1866 4387 1927 4462 scd
1954 4386 2168 4462 desideratur

653 4531 788 4605 semper
817 4505 1026 4604 frequentior
1057 4510 1296 4609 opportunitas
1327 4534 1367 4584 ca
1401 4508 1643 4606 experimenta
1661 4508 1883 4598 instituendi,
1914 4531 2003 4608 quae
2030 4505 2170 4582 hiemali

653 4637 806 4725 tempore
831 4625 866 4699 in
903 4627 1124 4702 cadaveribus
1161 4629 1295 4703 institui
1328 4629 1448 4702 solent.
1498 4629 1624 4702 Museo
1653 4653 1740 4704 nora
1774 4627 1944 4728 quaedam
1981 4627 2170 4726 specimina

651 4754 890 4834 accesserunt,
921 4747 1040 4845 augeri
1072 4750 1184 4848 magis
1218 4748 1386 4847 potuisset
1410 4747 1477 4822 nisi
1497 4747 1696 4847 specimina*
1711 4748 1928 4850 pathologica
1950 4747 2072 4821 eodem
2095 4745 2168 4820 loco

651 4864 839 4939 conservari
883 4863 1094 4941 debuissent.
1158 4867 1236 4942 Hoc
1275 4893 1413 4967 quoque
1453 4868 1694 4944 emendabitur
1728 4870 1759 4944 si
1797 4870 1937 4968 quando
1973 4865 2170 4967 pathologia
