<?xml version="1.0" encoding="UTF-8"?>
<!DOCTYPE html PUBLIC "-//W3C//DTD XHTML 1.0 Transitional//EN"
    "http://www.w3.org/TR/xhtml1/DTD/xhtml1-transitional.dtd">
<html xmlns="http://www.w3.org/1999/xhtml" xml:lang="en" lang="en">
 <head>
  <title>
</title>
<meta http-equiv="Content-Type" content="text/html;charset=utf-8" />
  <meta name='ocr-system' content='tesseract 3.04.00' />
  <meta name='ocr-capabilities' content='ocr_page ocr_carea ocr_par ocr_line ocrx_word'/>
</head>
<body>
  <div class='ocr_page' id='page_1' title='image "annalesacademic17unkngoog_0076.png"; bbox 0 0 4984 6286; ppageno 0'>
   <div class='ocr_carea' id='block_1_1' title="bbox 851 727 1806 802">
    <p class='ocr_par' dir='ltr' id='par_1_1' title="bbox 851 727 1806 802">
     <span class='ocr_line' id='line_1_1' title="bbox 851 727 1806 802; baseline 0.008 -8"><span class='ocrx_word' id='word_1_1' title='bbox 851 727 1231 802; x_wconf 54' lang='lat' dir='ltr'>minutulos</span> <span class='ocrx_word' id='word_1_2' title='bbox 1765 732 1806 802; x_wconf 79' lang='grc'>63</span> 
     </span>
    </p>
   </div>
   <div class='ocr_carea' id='block_1_2' title="bbox 276 929 1804 1999">
    <p class='ocr_par' dir='ltr' id='par_1_2' title="bbox 276 929 1804 1999">
     <span class='ocr_line' id='line_1_2' title="bbox 281 929 1804 1037; baseline 0.009 -33"><span class='ocrx_word' id='word_1_3' title='bbox 281 936 359 1018; x_wconf 62' lang='lat' dir='ltr'>tun:</span> <span class='ocrx_word' id='word_1_4' title='bbox 377 929 508 1020; x_wconf 61' lang='lat' dir='ltr'>uberae</span> <span class='ocrx_word' id='word_1_5' title='bbox 521 933 842 1022; x_wconf 64' lang='lat' dir='ltr'>ethoaonlnuctus,</span> <span class='ocrx_word' id='word_1_6' title='bbox 854 938 983 1020; x_wconf 79' lang='lat' dir='ltr'>tulerit.</span> <span class='ocrx_word' id='word_1_7' title='bbox 1026 938 1098 1018; x_wconf 90' lang='lat' dir='ltr'>Diu</span> <span class='ocrx_word' id='word_1_8' title='bbox 1117 937 1222 1018; x_wconf 88' lang='lat' dir='ltr'>nobis.</span> <span class='ocrx_word' id='word_1_9' title='bbox 1240 947 1413 1037; x_wconf 74' lang='lat' dir='ltr'>superstes</span> <span class='ocrx_word' id='word_1_10' title='bbox 1433 964 1579 1022; x_wconf 72' lang='lat' dir='ltr'>roronem¹</span> <span class='ocrx_word' id='word_1_11' title='bbox 1592 941 1804 1018; x_wconf 67' lang='lat' dir='ltr'>vendundas</span> 
     </span>
     <span class='ocr_line' id='line_1_3' title="bbox 280 1049 1530 1158; baseline 0 -20"><span class='ocrx_word' id='word_1_12' title='bbox 280 1049 481 1148; x_wconf 66' lang='lat' dir='ltr'>(lltttlpurllto</span> <span class='ocrx_word' id='word_1_13' title='bbox 502 1053 670 1140; x_wconf 65' lang='lat' dir='ltr'>tultellae</span> <span class='ocrx_word' id='word_1_14' title='bbox 691 1057 839 1146; x_wconf 66' lang='lat' dir='ltr'>entis,</span> <span class='ocrx_word' id='word_1_15' title='bbox 854 1057 1025 1142; x_wconf 72' lang='lat' dir='ltr'>omuibus.</span> <span class='ocrx_word' id='word_1_16' title='bbox 1047 1058 1225 1158; x_wconf 74' lang='lat' dir='ltr'>smmpto</span> <span class='ocrx_word' id='word_1_17' title='bbox 1245 1060 1292 1134; x_wconf 83' lang='lat' dir='ltr'>ed</span> <span class='ocrx_word' id='word_1_18' title='bbox 1309 1060 1530 1138; x_wconf 72' lang='lat' dir='ltr'>intrandam,</span> 
     </span>
     <span class='ocr_line' id='line_1_4' title="bbox 328 1170 1804 1276; baseline 0.008 -29"><span class='ocrx_word' id='word_1_19' title='bbox 328 1170 621 1264; x_wconf 66' lang='lat' dir='ltr'>llobemupioms</span> <span class='ocrx_word' id='word_1_20' title='bbox 646 1177 801 1276; x_wconf 74' lang='lat' dir='ltr'>uollegoe</span> <span class='ocrx_word' id='word_1_21' title='bbox 824 1177 1115 1266; x_wconf 85' lang='lat' dir='ltr'>coniunctissimi,</span> <span class='ocrx_word' id='word_1_22' title='bbox 1152 1185 1309 1254; x_wconf 83' lang='lat' dir='ltr'>nostram</span> <span class='ocrx_word' id='word_1_23' title='bbox 1346 1180 1500 1266; x_wconf 78' lang='lat' dir='ltr'>ordinem</span> <span class='ocrx_word' id='word_1_24' title='bbox 1538 1181 1737 1258; x_wconf 87' lang='lat' dir='ltr'>restitutum</span> <span class='ocrx_word' id='word_1_25' title='bbox 1768 1190 1804 1259; x_wconf 85' lang='lat' dir='ltr'>et</span> 
     </span>
     <span class='ocr_line' id='line_1_5' title="bbox 279 1290 1803 1399; baseline 0 -21"><span class='ocrx_word' id='word_1_26' title='bbox 279 1290 473 1399; x_wconf 55' lang='lat' dir='ltr'>lttltfflmg.</span> <span class='ocrx_word' id='word_1_27' title='bbox 513 1295 613 1378; x_wconf 67' lang='lat' dir='ltr'>botro</span> <span class='ocrx_word' id='word_1_28' title='bbox 641 1297 763 1378; x_wconf 84' lang='lat' dir='ltr'>oruine·</span> <span class='ocrx_word' id='word_1_29' title='bbox 781 1322 892 1374; x_wconf 76' lang='lat' dir='ltr'>novus</span> <span class='ocrx_word' id='word_1_30' title='bbox 916 1297 1129 1376; x_wconf 81' lang='lat' dir='ltr'>Amdemioe</span> <span class='ocrx_word' id='word_1_31' title='bbox 1153 1322 1266 1374; x_wconf 88' lang='lat' dir='ltr'>onnus</span> <span class='ocrx_word' id='word_1_32' title='bbox 1292 1298 1423 1398; x_wconf 83' lang='lat' dir='ltr'>incipit.</span> <span class='ocrx_word' id='word_1_33' title='bbox 1470 1299 1616 1374; x_wconf 85' lang='lat' dir='ltr'>Utinam</span> <span class='ocrx_word' id='word_1_34' title='bbox 1650 1300 1735 1376; x_wconf 77' lang='lat' dir='ltr'>felin</span> <span class='ocrx_word' id='word_1_35' title='bbox 1768 1312 1803 1378; x_wconf 90' lang='lat' dir='ltr'>et</span> 
     </span>
     <span class='ocr_line' id='line_1_6' title="bbox 278 1410 1800 1522; baseline 0.002 -26"><span class='ocrx_word' id='word_1_36' title='bbox 278 1410 413 1500; x_wconf 77' lang='lat' dir='ltr'>laudus</span> <span class='ocrx_word' id='word_1_37' title='bbox 437 1413 481 1499; x_wconf 69' lang='lat' dir='ltr'>ull</span> <span class='ocrx_word' id='word_1_38' title='bbox 501 1415 731 1505; x_wconf 69' lang='lat' dir='ltr'>Academiae,</span> <span class='ocrx_word' id='word_1_39' title='bbox 754 1417 867 1497; x_wconf 88' lang='lat' dir='ltr'>ordini</span> <span class='ocrx_word' id='word_1_40' title='bbox 888 1427 1027 1520; x_wconf 75' lang='lat' dir='ltr'>nostro,</span> <span class='ocrx_word' id='word_1_41' title='bbox 1053 1418 1241 1508; x_wconf 79' lang='lat' dir='ltr'>studiosis,</span> <span class='ocrx_word' id='word_1_42' title='bbox 1268 1418 1393 1495; x_wconf 85' lang='lat' dir='ltr'>studiis</span> <span class='ocrx_word' id='word_1_43' title='bbox 1414 1429 1472 1508; x_wconf 86' lang='lat' dir='ltr'>et,</span> <span class='ocrx_word' id='word_1_44' title='bbox 1497 1420 1526 1494; x_wconf 90' lang='lat' dir='ltr'>si</span> <span class='ocrx_word' id='word_1_45' title='bbox 1550 1445 1673 1495; x_wconf 84' lang='lat' dir='ltr'>noram</span> <span class='ocrx_word' id='word_1_46' title='bbox 1689 1422 1800 1522; x_wconf 74' lang='lat' dir='ltr'>legem</span> 
     </span>
     <span class='ocr_line' id='line_1_7' title="bbox 278 1533 1801 1638; baseline 0.008 -33"><span class='ocrx_word' id='word_1_47' title='bbox 278 1533 506 1609; x_wconf 85' lang='lat' dir='ltr'>academicam</span> <span class='ocrx_word' id='word_1_48' title='bbox 540 1536 700 1634; x_wconf 79' lang='lat' dir='ltr'>sequenti</span> <span class='ocrx_word' id='word_1_49' title='bbox 738 1538 795 1611; x_wconf 86' lang='lat' dir='ltr'>die</span> <span class='ocrx_word' id='word_1_50' title='bbox 831 1537 937 1612; x_wconf 81' lang='lat' dir='ltr'>nateli</span> <span class='ocrx_word' id='word_1_51' title='bbox 974 1536 1117 1630; x_wconf 80' lang='lat' dir='ltr'>fortasse</span> <span class='ocrx_word' id='word_1_52' title='bbox 1153 1538 1309 1614; x_wconf 86' lang='lat' dir='ltr'>nondum</span> <span class='ocrx_word' id='word_1_53' title='bbox 1344 1538 1570 1627; x_wconf 77' lang='lat' dir='ltr'>habebimus,</span> <span class='ocrx_word' id='word_1_54' title='bbox 1604 1549 1801 1638; x_wconf 84' lang='lat' dir='ltr'>exspectare</span> 
     </span>
     <span class='ocr_line' id='line_1_8' title="bbox 278 1656 1737 1744; baseline 0.004 -14"><span class='ocrx_word' id='word_1_55' title='bbox 278 1662 401 1740; x_wconf 67' lang='lat' dir='ltr'>tumea</span> <span class='ocrx_word' id='word_1_56' title='bbox 419 1656 499 1744; x_wconf 77' lang='lat' dir='ltr'>lieet</span> <span class='ocrx_word' id='word_1_57' title='bbox 522 1657 600 1738; x_wconf 81' lang='lat' dir='ltr'>fore</span> <span class='ocrx_word' id='word_1_58' title='bbox 623 1667 663 1732; x_wconf 91' lang='lat' dir='ltr'>ut</span> <span class='ocrx_word' id='word_1_59' title='bbox 685 1660 860 1738; x_wconf 70' lang='lat' dir='ltr'>doctrinae</span> <span class='ocrx_word' id='word_1_60' title='bbox 890 1661 967 1734; x_wconf 88' lang='lat' dir='ltr'>lens</span> <span class='ocrx_word' id='word_1_61' title='bbox 992 1669 1027 1734; x_wconf 90' lang='lat' dir='ltr'>et</span> <span class='ocrx_word' id='word_1_62' title='bbox 1049 1662 1242 1736; x_wconf 64' lang='lat' dir='ltr'>modiorum</span> <span class='ocrx_word' id='word_1_63' title='bbox 1269 1662 1403 1736; x_wconf 83' lang='lat' dir='ltr'>fractus</span> <span class='ocrx_word' id='word_1_64' title='bbox 1430 1684 1499 1734; x_wconf 90' lang='lat' dir='ltr'>non</span> <span class='ocrx_word' id='word_1_65' title='bbox 1525 1660 1737 1736; x_wconf 66' lang='lat' dir='ltr'>minuentem</span> 
     </span>
     <span class='ocr_line' id='line_1_9' title="bbox 326 1774 1801 1878; baseline 0.002 -31"><span class='ocrx_word' id='word_1_66' title='bbox 326 1774 430 1850; x_wconf 83' lang='lat' dir='ltr'>Hanc</span> <span class='ocrx_word' id='word_1_67' title='bbox 445 1801 541 1874; x_wconf 89' lang='lat' dir='ltr'>spem</span> <span class='ocrx_word' id='word_1_68' title='bbox 557 1779 762 1854; x_wconf 83' lang='lat' dir='ltr'>confirmant</span> <span class='ocrx_word' id='word_1_69' title='bbox 786 1805 874 1878; x_wconf 84' lang='lat' dir='ltr'>quae</span> <span class='ocrx_word' id='word_1_70' title='bbox 893 1781 936 1854; x_wconf 92' lang='lat' dir='ltr'>de</span> <span class='ocrx_word' id='word_1_71' title='bbox 959 1781 1123 1855; x_wconf 84' lang='lat' dir='ltr'>subsidiis</span> <span class='ocrx_word' id='word_1_72' title='bbox 1145 1783 1338 1856; x_wconf 87' lang='lat' dir='ltr'>studiorum</span> <span class='ocrx_word' id='word_1_73' title='bbox 1359 1781 1507 1854; x_wconf 85' lang='lat' dir='ltr'>dicendo</span> <span class='ocrx_word' id='word_1_74' title='bbox 1526 1780 1645 1856; x_wconf 74' lang='lat' dir='ltr'>babeo.</span> <span class='ocrx_word' id='word_1_75' title='bbox 1672 1780 1801 1856; x_wconf 70' lang='lat' dir='ltr'>Bittio,</span> 
     </span>
     <span class='ocr_line' id='line_1_10' title="bbox 276 1892 1800 1999; baseline -0.002 -21"><span class='ocrx_word' id='word_1_76' title='bbox 276 1892 385 1978; x_wconf 61' lang='lat' dir='ltr'>ileum</span> <span class='ocrx_word' id='word_1_77' title='bbox 411 1905 527 1978; x_wconf 80' lang='lat' dir='ltr'>noua</span> <span class='ocrx_word' id='word_1_78' title='bbox 562 1899 758 1977; x_wconf 80' lang='lat' dir='ltr'>academice</span> <span class='ocrx_word' id='word_1_79' title='bbox 789 1900 954 1976; x_wconf 88' lang='lat' dir='ltr'>librorum</span> <span class='ocrx_word' id='word_1_80' title='bbox 987 1901 1245 1988; x_wconf 76' lang='lat' dir='ltr'>multitudinem</span> <span class='ocrx_word' id='word_1_81' title='bbox 1281 1903 1337 1974; x_wconf 87' lang='lat' dir='ltr'>vix</span> <span class='ocrx_word' id='word_1_82' title='bbox 1363 1899 1512 1998; x_wconf 85' lang='lat' dir='ltr'>emplius</span> <span class='ocrx_word' id='word_1_83' title='bbox 1532 1925 1652 1998; x_wconf 81' lang='lat' dir='ltr'>cepere</span> <span class='ocrx_word' id='word_1_84' title='bbox 1676 1907 1800 1999; x_wconf 90' lang='lat' dir='ltr'>potest.</span> 
     </span>
    </p>
   </div>
   <div class='ocr_carea' id='block_1_3' title="bbox 276 2012 1955 2126">
    <p class='ocr_par' dir='ltr' id='par_1_3' title="bbox 276 2012 1955 2126">
     <span class='ocr_line' id='line_1_11' title="bbox 276 2012 1955 2126; baseline -0.001 -30"><span class='ocrx_word' id='word_1_85' title='bbox 276 2012 367 2098; x_wconf 28' lang='lat' dir='ltr'>nuc,</span> <span class='ocrx_word' id='word_1_86' title='bbox 391 2015 504 2102; x_wconf 65' lang='lat' dir='ltr'>millia</span> <span class='ocrx_word' id='word_1_87' title='bbox 530 2018 746 2102; x_wconf 78' lang='lat' dir='ltr'>uoluminum</span> <span class='ocrx_word' id='word_1_88' title='bbox 778 2019 843 2096; x_wconf 87' lang='lat' dir='ltr'>boo</span> <span class='ocrx_word' id='word_1_89' title='bbox 878 2045 969 2098; x_wconf 87' lang='lat' dir='ltr'>suno</span> <span class='ocrx_word' id='word_1_90' title='bbox 1003 2029 1239 2108; x_wconf 80' lang='lat' dir='ltr'>secesserunt,</span> <span class='ocrx_word' id='word_1_91' title='bbox 1275 2029 1388 2118; x_wconf 87' lang='lat' dir='ltr'>atque·</span> <span class='ocrx_word' id='word_1_92' title='bbox 1411 2018 1479 2096; x_wconf 88' lang='lat' dir='ltr'>iarn</span> <span class='ocrx_word' id='word_1_93' title='bbox 1512 2019 1664 2117; x_wconf 87' lang='lat' dir='ltr'>imprimi</span> <span class='ocrx_word' id='word_1_94' title='bbox 1689 2020 1803 2118; x_wconf 85' lang='lat' dir='ltr'>coepit</span> <span class='ocrx_word' id='word_1_95' title='bbox 1951 2121 1955 2126; x_wconf 20' lang='grc' dir='ltr'>Ι</span> 
     </span>
    </p>
   </div>
   <div class='ocr_carea' id='block_1_4' title="bbox 274 2135 1801 2360">
    <p class='ocr_par' dir='ltr' id='par_1_4' title="bbox 274 2135 1801 2360">
     <span class='ocr_line' id='line_1_12' title="bbox 275 2135 1800 2239; baseline -0.001 -24"><span class='ocrx_word' id='word_1_96' title='bbox 275 2156 391 2216; x_wconf 69' lang='lat' dir='ltr'>nutus</span> <span class='ocrx_word' id='word_1_97' title='bbox 421 2135 592 2218; x_wconf 70' lang='lat' dir='ltr'>llbmruun</span> <span class='ocrx_word' id='word_1_98' title='bbox 624 2138 747 2226; x_wconf 78' lang='lat' dir='ltr'>index,</span> <span class='ocrx_word' id='word_1_99' title='bbox 783 2140 847 2237; x_wconf 88' lang='lat' dir='ltr'>qui</span> <span class='ocrx_word' id='word_1_100' title='bbox 882 2166 924 2215; x_wconf 83' lang='lat' dir='ltr'>ee</span> <span class='ocrx_word' id='word_1_101' title='bbox 958 2165 1068 2239; x_wconf 85' lang='lat' dir='ltr'>opera.</span> <span class='ocrx_word' id='word_1_102' title='bbox 1096 2140 1287 2232; x_wconf 82' lang='lat' dir='ltr'>indicabit,</span> <span class='ocrx_word' id='word_1_103' title='bbox 1322 2165 1410 2239; x_wconf 88' lang='lat' dir='ltr'>quae</span> <span class='ocrx_word' id='word_1_104' title='bbox 1438 2139 1568 2214; x_wconf 86' lang='lat' dir='ltr'>ultimis</span> <span class='ocrx_word' id='word_1_105' title='bbox 1603 2139 1800 2237; x_wconf 87' lang='lat' dir='ltr'>quindecim</span> 
     </span>
     <span class='ocr_line' id='line_1_13' title="bbox 274 2252 1801 2360; baseline -0.001 -24"><span class='ocrx_word' id='word_1_106' title='bbox 274 2252 377 2336; x_wconf 77' lang='lat' dir='ltr'>soon</span> <span class='ocrx_word' id='word_1_107' title='bbox 400 2255 652 2336; x_wconf 68' lang='lat' dir='ltr'>Bibliotheca</span> <span class='ocrx_word' id='word_1_108' title='bbox 676 2268 861 2338; x_wconf 73' lang='lat' dir='ltr'>auxerunt.</span> <span class='ocrx_word' id='word_1_109' title='bbox 909 2263 1003 2340; x_wconf 82' lang='lat' dir='ltr'>Quo,</span> <span class='ocrx_word' id='word_1_110' title='bbox 1018 2262 1129 2360; x_wconf 81' lang='lat' dir='ltr'>magis</span> <span class='ocrx_word' id='word_1_111' title='bbox 1152 2285 1233 2335; x_wconf 81' lang='lat' dir='ltr'>vero</span> <span class='ocrx_word' id='word_1_112' title='bbox 1252 2262 1417 2336; x_wconf 87' lang='lat' dir='ltr'>librorum</span> <span class='ocrx_word' id='word_1_113' title='bbox 1441 2283 1606 2332; x_wconf 87' lang='lat' dir='ltr'>numerus</span> <span class='ocrx_word' id='word_1_114' title='bbox 1627 2259 1801 2348; x_wconf 78' lang='lat' dir='ltr'>increscit,</span> 
     </span>
    </p>
   </div>
   <div class='ocr_carea' id='block_1_5' title="bbox 272 2374 1801 3079">
    <p class='ocr_par' dir='ltr' id='par_1_5' title="bbox 273 2374 1800 2722">
     <span class='ocr_line' id='line_1_14' title="bbox 273 2374 1800 2480; baseline 0 -26"><span class='ocrx_word' id='word_1_115' title='bbox 273 2397 316 2454; x_wconf 78' lang='lat' dir='ltr'>tu</span> <span class='ocrx_word' id='word_1_116' title='bbox 338 2374 635 2476; x_wconf 71' lang='lat' dir='ltr'>difficiliusaprus</span> <span class='ocrx_word' id='word_1_117' title='bbox 659 2379 873 2480; x_wconf 85' lang='lat' dir='ltr'>disponendi·</span> <span class='ocrx_word' id='word_1_118' title='bbox 887 2382 983 2458; x_wconf 86' lang='lat' dir='ltr'>loeus</span> <span class='ocrx_word' id='word_1_119' title='bbox 1005 2381 1180 2456; x_wconf 88' lang='lat' dir='ltr'>invenitur</span> <span class='ocrx_word' id='word_1_120' title='bbox 1203 2389 1238 2464; x_wconf 88' lang='lat' dir='ltr'>et</span> <span class='ocrx_word' id='word_1_121' title='bbox 1262 2379 1415 2479; x_wconf 85' lang='lat' dir='ltr'>profecto</span> <span class='ocrx_word' id='word_1_122' title='bbox 1432 2379 1535 2452; x_wconf 87' lang='lat' dir='ltr'>citius</span> <span class='ocrx_word' id='word_1_123' title='bbox 1557 2379 1670 2466; x_wconf 87' lang='lat' dir='ltr'>locus,</span> <span class='ocrx_word' id='word_1_124' title='bbox 1693 2403 1800 2476; x_wconf 87' lang='lat' dir='ltr'>quom</span> 
     </span>
     <span class='ocr_line' id='line_1_15' title="bbox 273 2491 1800 2600; baseline 0.003 -30"><span class='ocrx_word' id='word_1_125' title='bbox 273 2491 361 2576; x_wconf 78' lang='lat' dir='ltr'>libris</span> <span class='ocrx_word' id='word_1_126' title='bbox 382 2493 553 2576; x_wconf 74' lang='lat' dir='ltr'>deficiam</span> <span class='ocrx_word' id='word_1_127' title='bbox 605 2498 783 2598; x_wconf 80' lang='lat' dir='ltr'>Optamus:</span> <span class='ocrx_word' id='word_1_128' title='bbox 813 2525 909 2591; x_wconf 85' lang='lat' dir='ltr'>uem,</span> <span class='ocrx_word' id='word_1_129' title='bbox 943 2510 986 2576; x_wconf 85' lang='lat' dir='ltr'>ut</span> <span class='ocrx_word' id='word_1_130' title='bbox 1015 2502 1084 2577; x_wconf 90' lang='lat' dir='ltr'>isrn</span> <span class='ocrx_word' id='word_1_131' title='bbox 1119 2524 1207 2576; x_wconf 85' lang='lat' dir='ltr'>nora</span> <span class='ocrx_word' id='word_1_132' title='bbox 1241 2500 1352 2600; x_wconf 81' lang='lat' dir='ltr'>spatis</span> <span class='ocrx_word' id='word_1_133' title='bbox 1384 2499 1577 2586; x_wconf 87' lang='lat' dir='ltr'>addantur,</span> <span class='ocrx_word' id='word_1_134' title='bbox 1609 2506 1650 2584; x_wconf 84' lang='lat' dir='ltr'>ut</span> <span class='ocrx_word' id='word_1_135' title='bbox 1681 2497 1800 2574; x_wconf 82' lang='lat' dir='ltr'>ordine</span> 
     </span>
     <span class='ocr_line' id='line_1_16' title="bbox 274 2611 1432 2722; baseline 0.004 -36"><span class='ocrx_word' id='word_1_136' title='bbox 274 2611 421 2712; x_wconf 80' lang='lat' dir='ltr'>singulo.</span> <span class='ocrx_word' id='word_1_137' title='bbox 440 2615 614 2702; x_wconf 64' lang='lat' dir='ltr'>vermina</span> <span class='ocrx_word' id='word_1_138' title='bbox 639 2617 681 2692; x_wconf 85' lang='lat' dir='ltr'>in</span> <span class='ocrx_word' id='word_1_139' title='bbox 703 2643 766 2694; x_wconf 86' lang='lat' dir='ltr'>suo</span> <span class='ocrx_word' id='word_1_140' title='bbox 788 2645 948 2720; x_wconf 85' lang='lat' dir='ltr'>quaeque</span> <span class='ocrx_word' id='word_1_141' title='bbox 969 2647 1094 2722; x_wconf 80' lang='lat' dir='ltr'>genam</span> <span class='ocrx_word' id='word_1_142' title='bbox 1123 2621 1265 2720; x_wconf 86' lang='lat' dir='ltr'>disponi</span> <span class='ocrx_word' id='word_1_143' title='bbox 1287 2619 1432 2718; x_wconf 86' lang='lat' dir='ltr'>possint.</span> 
     </span>
    </p>

    <p class='ocr_par' dir='ltr' id='par_1_6' title="bbox 272 2734 1801 3079">
     <span class='ocr_line' id='line_1_17' title="bbox 323 2734 1801 2838; baseline -0.001 -28"><span class='ocrx_word' id='word_1_144' title='bbox 323 2734 381 2810; x_wconf 80' lang='lat' dir='ltr'>De</span> <span class='ocrx_word' id='word_1_145' title='bbox 413 2734 531 2816; x_wconf 84' lang='lat' dir='ltr'>Horto</span> <span class='ocrx_word' id='word_1_146' title='bbox 560 2735 725 2812; x_wconf 81' lang='lat' dir='ltr'>botanioo</span> <span class='ocrx_word' id='word_1_147' title='bbox 755 2763 865 2837; x_wconf 77' lang='lat' dir='ltr'>paura</span> <span class='ocrx_word' id='word_1_148' title='bbox 898 2749 1036 2816; x_wconf 71' lang='lat' dir='ltr'>mntem</span> <span class='ocrx_word' id='word_1_149' title='bbox 1071 2761 1261 2816; x_wconf 80' lang='lat' dir='ltr'>memorare</span> <span class='ocrx_word' id='word_1_150' title='bbox 1292 2765 1444 2838; x_wconf 87' lang='lat' dir='ltr'>possum.</span> <span class='ocrx_word' id='word_1_151' title='bbox 1496 2737 1669 2812; x_wconf 83' lang='lat' dir='ltr'>Universe</span> <span class='ocrx_word' id='word_1_152' title='bbox 1693 2735 1801 2812; x_wconf 87' lang='lat' dir='ltr'>maior</span> 
     </span>
     <span class='ocr_line' id='line_1_18' title="bbox 272 2853 1800 2959; baseline -0.004 -27"><span class='ocrx_word' id='word_1_153' title='bbox 272 2875 365 2932; x_wconf 73' lang='lat' dir='ltr'>outo,</span> <span class='ocrx_word' id='word_1_154' title='bbox 393 2853 540 2930; x_wconf 85' lang='lat' dir='ltr'>babetur</span> <span class='ocrx_word' id='word_1_155' title='bbox 571 2865 616 2931; x_wconf 86' lang='lat' dir='ltr'>ut</span> <span class='ocrx_word' id='word_1_156' title='bbox 635 2857 778 2956; x_wconf 78' lang='lat' dir='ltr'>singula</span> <span class='ocrx_word' id='word_1_157' title='bbox 800 2884 928 2958; x_wconf 66' lang='lat' dir='ltr'>penae</span> <span class='ocrx_word' id='word_1_158' title='bbox 959 2862 1155 2959; x_wconf 88' lang='lat' dir='ltr'>plantarum</span> <span class='ocrx_word' id='word_1_159' title='bbox 1188 2861 1240 2934; x_wconf 92' lang='lat' dir='ltr'>ibi</span> <span class='ocrx_word' id='word_1_160' title='bbox 1265 2860 1504 2945; x_wconf 86' lang='lat' dir='ltr'>inveniantur,</span> <span class='ocrx_word' id='word_1_161' title='bbox 1538 2883 1643 2955; x_wconf 81' lang='lat' dir='ltr'>quam</span> <span class='ocrx_word' id='word_1_162' title='bbox 1672 2865 1711 2932; x_wconf 89' lang='lat' dir='ltr'>ut</span> <span class='ocrx_word' id='word_1_163' title='bbox 1732 2859 1800 2934; x_wconf 55' lang='lat' dir='ltr'>sias</span> 
     </span>
     <span class='ocr_line' id='line_1_19' title="bbox 273 2971 1799 3079; baseline 0 -29"><span class='ocrx_word' id='word_1_164' title='bbox 273 2971 383 3071; x_wconf 74' lang='lat' dir='ltr'>gulae</span> <span class='ocrx_word' id='word_1_165' title='bbox 410 2975 548 3072; x_wconf 80' lang='lat' dir='ltr'>speeies</span> <span class='ocrx_word' id='word_1_166' title='bbox 565 2983 601 3051; x_wconf 88' lang='lat' dir='ltr'>et</span> <span class='ocrx_word' id='word_1_167' title='bbox 626 2977 809 3054; x_wconf 81' lang='lat' dir='ltr'>varietates</span> <span class='ocrx_word' id='word_1_168' title='bbox 835 2980 1050 3079; x_wconf 77' lang='lat' dir='ltr'>colligantur,</span> <span class='ocrx_word' id='word_1_169' title='bbox 1104 2981 1239 3054; x_wconf 86' lang='lat' dir='ltr'>Hortus</span> <span class='ocrx_word' id='word_1_170' title='bbox 1262 2980 1356 3054; x_wconf 88' lang='lat' dir='ltr'>eninr</span> <span class='ocrx_word' id='word_1_171' title='bbox 1375 2977 1477 3052; x_wconf 83' lang='lat' dir='ltr'>arctis</span> <span class='ocrx_word' id='word_1_172' title='bbox 1500 2977 1629 3051; x_wconf 88' lang='lat' dir='ltr'>finibus</span> <span class='ocrx_word' id='word_1_173' title='bbox 1654 2976 1799 3050; x_wconf 69' lang='lat' dir='ltr'>circum</span> 
     </span>
    </p>
   </div>
   <div class='ocr_carea' id='block_1_6' title="bbox 273 3091 1801 4995">
    <p class='ocr_par' dir='ltr' id='par_1_7' title="bbox 274 3091 1801 3533">
     <span class='ocr_line' id='line_1_20' title="bbox 275 3091 1799 3194; baseline 0.001 -25"><span class='ocrx_word' id='word_1_174' title='bbox 275 3091 434 3190; x_wconf 71' lang='lat' dir='ltr'>auripluo,</span> <span class='ocrx_word' id='word_1_175' title='bbox 462 3093 673 3172; x_wconf 81' lang='lat' dir='ltr'>immensum</span> <span class='ocrx_word' id='word_1_176' title='bbox 712 3096 906 3194; x_wconf 76' lang='lat' dir='ltr'>plantarum</span> <span class='ocrx_word' id='word_1_177' title='bbox 948 3125 1133 3176; x_wconf 86' lang='lat' dir='ltr'>numerum</span> <span class='ocrx_word' id='word_1_178' title='bbox 1174 3123 1242 3174; x_wconf 93' lang='lat' dir='ltr'>non</span> <span class='ocrx_word' id='word_1_179' title='bbox 1286 3098 1449 3175; x_wconf 78' lang='lat' dir='ltr'>admittit.</span> <span class='ocrx_word' id='word_1_180' title='bbox 1520 3096 1598 3172; x_wconf 85' lang='lat' dir='ltr'>Hoc</span> <span class='ocrx_word' id='word_1_181' title='bbox 1633 3119 1724 3171; x_wconf 84' lang='lat' dir='ltr'>enno</span> <span class='ocrx_word' id='word_1_182' title='bbox 1757 3119 1799 3170; x_wconf 76' lang='lat' dir='ltr'>er</span> 
     </span>
     <span class='ocr_line' id='line_1_21' title="bbox 274 3210 1801 3318; baseline -0.001 -26"><span class='ocrx_word' id='word_1_183' title='bbox 274 3210 390 3292; x_wconf 77' lang='lat' dir='ltr'>insuta</span> <span class='ocrx_word' id='word_1_184' title='bbox 418 3215 507 3294; x_wconf 70' lang='lat' dir='ltr'>loo</span> <span class='ocrx_word' id='word_1_185' title='bbox 532 3214 633 3314; x_wconf 88' lang='lat' dir='ltr'>plura</span> <span class='ocrx_word' id='word_1_186' title='bbox 666 3216 860 3314; x_wconf 76' lang='lat' dir='ltr'>specimina,</span> <span class='ocrx_word' id='word_1_187' title='bbox 886 3221 963 3294; x_wconf 81' lang='lat' dir='ltr'>riva</span> <span class='ocrx_word' id='word_1_188' title='bbox 986 3245 1074 3295; x_wconf 86' lang='lat' dir='ltr'>nova</span> <span class='ocrx_word' id='word_1_189' title='bbox 1099 3219 1251 3318; x_wconf 82' lang='lat' dir='ltr'>accepit,</span> <span class='ocrx_word' id='word_1_190' title='bbox 1287 3244 1329 3293; x_wconf 84' lang='lat' dir='ltr'>ex</span> <span class='ocrx_word' id='word_1_191' title='bbox 1357 3219 1563 3300; x_wconf 82' lang='lat' dir='ltr'>Melhourne</span> <span class='ocrx_word' id='word_1_192' title='bbox 1601 3216 1706 3294; x_wconf 84' lang='lat' dir='ltr'>missa</span> <span class='ocrx_word' id='word_1_193' title='bbox 1733 3215 1801 3300; x_wconf 69' lang='lat' dir='ltr'>fult</span> 
     </span>
     <span class='ocr_line' id='line_1_22' title="bbox 275 3333 1797 3439; baseline -0.001 -27"><span class='ocrx_word' id='word_1_194' title='bbox 275 3355 405 3430; x_wconf 75' lang='lat' dir='ltr'>magua</span> <span class='ocrx_word' id='word_1_195' title='bbox 433 3333 678 3423; x_wconf 68' lang='lat' dir='ltr'>bocconia,</span> <span class='ocrx_word' id='word_1_196' title='bbox 712 3339 864 3414; x_wconf 73' lang='lat' dir='ltr'>maxima</span> <span class='ocrx_word' id='word_1_197' title='bbox 893 3367 999 3439; x_wconf 83' lang='lat' dir='ltr'>quem</span> <span class='ocrx_word' id='word_1_198' title='bbox 1030 3342 1115 3415; x_wconf 88' lang='lat' dir='ltr'>vidit</span> <span class='ocrx_word' id='word_1_199' title='bbox 1140 3339 1349 3424; x_wconf 79' lang='lat' dir='ltr'>clarissimus</span> <span class='ocrx_word' id='word_1_200' title='bbox 1372 3336 1519 3424; x_wconf 90' lang='lat' dir='ltr'>Muller,</span> <span class='ocrx_word' id='word_1_201' title='bbox 1553 3333 1610 3409; x_wconf 90' lang='lat' dir='ltr'>oui</span> <span class='ocrx_word' id='word_1_202' title='bbox 1633 3357 1710 3412; x_wconf 79' lang='lat' dir='ltr'>eum</span> <span class='ocrx_word' id='word_1_203' title='bbox 1737 3333 1797 3411; x_wconf 66' lang='lat' dir='ltr'>de</span> 
     </span>
     <span class='ocr_line' id='line_1_23' title="bbox 274 3451 409 3533; baseline 0.015 -2"><span class='ocrx_word' id='word_1_204' title='bbox 274 3451 409 3533; x_wconf 64' lang='lat' dir='ltr'>hemma</span> 
     </span>
    </p>

    <p class='ocr_par' dir='ltr' id='par_1_8' title="bbox 275 3573 1798 4155">
     <span class='ocr_line' id='line_1_24' title="bbox 323 3573 1798 3680; baseline 0.001 -30"><span class='ocrx_word' id='word_1_205' title='bbox 323 3573 492 3654; x_wconf 72' lang='lat' dir='ltr'>mosem</span> <span class='ocrx_word' id='word_1_206' title='bbox 525 3573 724 3652; x_wconf 71' lang='lat' dir='ltr'>beoniam</span> <span class='ocrx_word' id='word_1_207' title='bbox 749 3588 898 3655; x_wconf 80' lang='lat' dir='ltr'>auctum·</span> <span class='ocrx_word' id='word_1_208' title='bbox 917 3589 970 3655; x_wconf 84' lang='lat' dir='ltr'>est</span> <span class='ocrx_word' id='word_1_209' title='bbox 995 3605 1121 3680; x_wconf 66' lang='lat' dir='ltr'>magne</span> <span class='ocrx_word' id='word_1_210' title='bbox 1145 3579 1349 3657; x_wconf 86' lang='lat' dir='ltr'>collectione</span> <span class='ocrx_word' id='word_1_211' title='bbox 1366 3576 1542 3653; x_wconf 84' lang='lat' dir='ltr'>fructuum</span> <span class='ocrx_word' id='word_1_212' title='bbox 1566 3599 1610 3648; x_wconf 81' lang='lat' dir='ltr'>ex</span> <span class='ocrx_word' id='word_1_213' title='bbox 1635 3573 1737 3648; x_wconf 86' lang='lat' dir='ltr'>lodie</span> <span class='ocrx_word' id='word_1_214' title='bbox 1762 3581 1798 3651; x_wconf 85' lang='lat' dir='ltr'>et</span> 
     </span>
     <span class='ocr_line' id='line_1_25' title="bbox 276 3692 1798 3795; baseline 0 -29"><span class='ocrx_word' id='word_1_215' title='bbox 276 3692 525 3790; x_wconf 78' lang='lat' dir='ltr'>speciminibus</span> <span class='ocrx_word' id='word_1_216' title='bbox 554 3695 657 3772; x_wconf 75' lang='lat' dir='ltr'>siao‘m</span> <span class='ocrx_word' id='word_1_217' title='bbox 683 3722 727 3772; x_wconf 83' lang='lat' dir='ltr'>en</span> <span class='ocrx_word' id='word_1_218' title='bbox 760 3699 881 3774; x_wconf 75' lang='lat' dir='ltr'>maula</span> <span class='ocrx_word' id='word_1_219' title='bbox 905 3697 1039 3773; x_wconf 75' lang='lat' dir='ltr'>Baulis.</span> <span class='ocrx_word' id='word_1_220' title='bbox 1098 3697 1241 3795; x_wconf 85' lang='lat' dir='ltr'>Accepit</span> <span class='ocrx_word' id='word_1_221' title='bbox 1274 3695 1320 3771; x_wconf 85' lang='lat' dir='ltr'>sb</span> <span class='ocrx_word' id='word_1_222' title='bbox 1351 3694 1514 3770; x_wconf 89' lang='lat' dir='ltr'>instituto</span> <span class='ocrx_word' id='word_1_223' title='bbox 1539 3692 1798 3792; x_wconf 81' lang='lat' dir='ltr'>Matereologico</span> 
     </span>
     <span class='ocr_line' id='line_1_26' title="bbox 275 3813 1797 3916; baseline -0.001 -29"><span class='ocrx_word' id='word_1_224' title='bbox 275 3813 446 3911; x_wconf 84' lang='lat' dir='ltr'>quaedam</span> <span class='ocrx_word' id='word_1_225' title='bbox 484 3815 671 3913; x_wconf 84' lang='lat' dir='ltr'>specimina</span> <span class='ocrx_word' id='word_1_226' title='bbox 704 3817 853 3916; x_wconf 86' lang='lat' dir='ltr'>pretiosa</span> <span class='ocrx_word' id='word_1_227' title='bbox 890 3818 1064 3916; x_wconf 85' lang='lat' dir='ltr'>algorum,</span> <span class='ocrx_word' id='word_1_228' title='bbox 1107 3818 1199 3892; x_wconf 74' lang='lat' dir='ltr'>inter</span> <span class='ocrx_word' id='word_1_229' title='bbox 1230 3842 1271 3892; x_wconf 84' lang='lat' dir='ltr'>eo</span> <span class='ocrx_word' id='word_1_230' title='bbox 1301 3814 1532 3890; x_wconf 84' lang='lat' dir='ltr'>Neriocistum</span> <span class='ocrx_word' id='word_1_231' title='bbox 1569 3836 1797 3910; x_wconf 80' lang='lat' dir='ltr'>permagnum</span> 
     </span>
     <span class='ocr_line' id='line_1_27' title="bbox 276 3931 1793 4036; baseline -0.011 -17"><span class='ocrx_word' id='word_1_232' title='bbox 276 3941 312 4008; x_wconf 73' lang='grc'>11</span> <span class='ocrx_word' id='word_1_233' title='bbox 334 3933 404 4018; x_wconf 73' lang='lat' dir='ltr'>dno</span> <span class='ocrx_word' id='word_1_234' title='bbox 427 3933 635 4012; x_wconf 66' lang='lat' dir='ltr'>humuncio·-</span> <span class='ocrx_word' id='word_1_235' title='bbox 686 3939 805 4022; x_wconf 84' lang='lat' dir='ltr'>Etiam</span> <span class='ocrx_word' id='word_1_236' title='bbox 827 3938 894 4014; x_wconf 85' lang='lat' dir='ltr'>elia</span> <span class='ocrx_word' id='word_1_237' title='bbox 916 3946 1135 4013; x_wconf 81' lang='lat' dir='ltr'>accesserunt</span> <span class='ocrx_word' id='word_1_238' title='bbox 1155 3937 1318 4036; x_wconf 81' lang='lat' dir='ltr'>pleraque</span> <span class='ocrx_word' id='word_1_239' title='bbox 1340 3960 1382 4008; x_wconf 89' lang='lat' dir='ltr'>ex</span> <span class='ocrx_word' id='word_1_240' title='bbox 1404 3932 1656 4033; x_wconf 79' lang='lat' dir='ltr'>permutatione</span> <span class='ocrx_word' id='word_1_241' title='bbox 1680 3931 1793 4028; x_wconf 86' lang='lat' dir='ltr'>scqui-</span> 
     </span>
     <span class='ocr_line' id='line_1_28' title="bbox 276 4051 1565 4155; baseline 0.003 -29"><span class='ocrx_word' id='word_1_242' title='bbox 276 4051 345 4128; x_wconf 72' lang='lat' dir='ltr'>sita</span> <span class='ocrx_word' id='word_1_243' title='bbox 367 4054 418 4130; x_wconf 74' lang='lat' dir='ltr'>ita</span> <span class='ocrx_word' id='word_1_244' title='bbox 437 4062 477 4130; x_wconf 83' lang='lat' dir='ltr'>ur</span> <span class='ocrx_word' id='word_1_245' title='bbox 503 4054 586 4132; x_wconf 87' lang='lat' dir='ltr'>baec</span> <span class='ocrx_word' id='word_1_246' title='bbox 610 4059 765 4144; x_wconf 83' lang='lat' dir='ltr'>collectio</span> <span class='ocrx_word' id='word_1_247' title='bbox 786 4059 890 4142; x_wconf 82' lang='lat' dir='ltr'>etism</span> <span class='ocrx_word' id='word_1_248' title='bbox 914 4058 979 4133; x_wconf 83' lang='lat' dir='ltr'>hoc</span> <span class='ocrx_word' id='word_1_249' title='bbox 999 4083 1091 4133; x_wconf 89' lang='lat' dir='ltr'>anno</span> <span class='ocrx_word' id='word_1_250' title='bbox 1110 4058 1203 4131; x_wconf 88' lang='lat' dir='ltr'>baud</span> <span class='ocrx_word' id='word_1_251' title='bbox 1227 4079 1351 4155; x_wconf 83' lang='lat' dir='ltr'>parurn</span> <span class='ocrx_word' id='word_1_252' title='bbox 1374 4051 1565 4131; x_wconf 73' lang='lat' dir='ltr'>accreverit</span> 
     </span>
    </p>

    <p class='ocr_par' dir='ltr' id='par_1_9' title="bbox 273 4169 1797 4995">
     <span class='ocr_line' id='line_1_29' title="bbox 325 4169 1797 4278; baseline -0.001 -28"><span class='ocrx_word' id='word_1_253' title='bbox 325 4173 382 4250; x_wconf 73' lang='lat' dir='ltr'>Ite</span> <span class='ocrx_word' id='word_1_254' title='bbox 414 4174 614 4252; x_wconf 72' lang='lat' dir='ltr'>mllectione</span> <span class='ocrx_word' id='word_1_255' title='bbox 645 4178 836 4278; x_wconf 80' lang='lat' dir='ltr'>&#39;Zoblogioa</span> <span class='ocrx_word' id='word_1_256' title='bbox 868 4179 988 4254; x_wconf 88' lang='lat' dir='ltr'>eadem</span> <span class='ocrx_word' id='word_1_257' title='bbox 1023 4179 1169 4254; x_wconf 87' lang='lat' dir='ltr'>dicende</span> <span class='ocrx_word' id='word_1_258' title='bbox 1205 4169 1307 4252; x_wconf 55' lang='lat' dir='ltr'>sunt(</span> <span class='ocrx_word' id='word_1_259' title='bbox 1360 4175 1597 4250; x_wconf 82' lang='lat' dir='ltr'>Accesserant</span> <span class='ocrx_word' id='word_1_260' title='bbox 1623 4173 1723 4270; x_wconf 82' lang='lat' dir='ltr'>pluro</span> <span class='ocrx_word' id='word_1_261' title='bbox 1761 4181 1797 4248; x_wconf 87' lang='lat' dir='ltr'>et</span> 
     </span>
     <span class='ocr_line' id='line_1_30' title="bbox 273 4290 1796 4397; baseline -0.001 -29"><span class='ocrx_word' id='word_1_262' title='bbox 273 4290 430 4390; x_wconf 80' lang='lat' dir='ltr'>insignia</span> <span class='ocrx_word' id='word_1_263' title='bbox 464 4294 677 4392; x_wconf 79' lang='lat' dir='ltr'>specimine,</span> <span class='ocrx_word' id='word_1_264' title='bbox 719 4323 810 4397; x_wconf 84' lang='lat' dir='ltr'>quoe</span> <span class='ocrx_word' id='word_1_265' title='bbox 840 4298 964 4397; x_wconf 87' lang='lat' dir='ltr'>partim</span> <span class='ocrx_word' id='word_1_266' title='bbox 1002 4307 1118 4397; x_wconf 84' lang='lat' dir='ltr'>empta</span> <span class='ocrx_word' id='word_1_267' title='bbox 1152 4297 1278 4397; x_wconf 85' lang='lat' dir='ltr'>purtim</span> <span class='ocrx_word' id='word_1_268' title='bbox 1322 4296 1448 4370; x_wconf 83' lang='lat' dir='ltr'>donata</span> <span class='ocrx_word' id='word_1_269' title='bbox 1489 4291 1640 4376; x_wconf 80' lang='lat' dir='ltr'>fuerunt.</span> <span class='ocrx_word' id='word_1_270' title='bbox 1698 4291 1796 4368; x_wconf 83' lang='lat' dir='ltr'>Talia</span> 
     </span>
     <span class='ocr_line' id='line_1_31' title="bbox 275 4410 1796 4512; baseline 0 -24"><span class='ocrx_word' id='word_1_271' title='bbox 275 4410 369 4488; x_wconf 75' lang='lat' dir='ltr'>done</span> <span class='ocrx_word' id='word_1_272' title='bbox 395 4420 490 4490; x_wconf 82' lang='lat' dir='ltr'>certe</span> <span class='ocrx_word' id='word_1_273' title='bbox 518 4415 662 4500; x_wconf 82' lang='lat' dir='ltr'>maximi</span> <span class='ocrx_word' id='word_1_274' title='bbox 690 4416 849 4492; x_wconf 81' lang='lat' dir='ltr'>iacienda</span> <span class='ocrx_word' id='word_1_275' title='bbox 870 4427 969 4507; x_wconf 87' lang='lat' dir='ltr'>sunt,</span> <span class='ocrx_word' id='word_1_276' title='bbox 1003 4417 1034 4491; x_wconf 93' lang='lat' dir='ltr'>si</span> <span class='ocrx_word' id='word_1_277' title='bbox 1063 4417 1180 4492; x_wconf 86' lang='lat' dir='ltr'>rarius.</span> <span class='ocrx_word' id='word_1_278' title='bbox 1197 4415 1309 4490; x_wconf 87' lang='lat' dir='ltr'>obviis</span> <span class='ocrx_word' id='word_1_279' title='bbox 1335 4423 1370 4489; x_wconf 86' lang='lat' dir='ltr'>et</span> <span class='ocrx_word' id='word_1_280' title='bbox 1395 4413 1523 4512; x_wconf 79' lang='lat' dir='ltr'>pulcris</span> <span class='ocrx_word' id='word_1_281' title='bbox 1549 4412 1796 4511; x_wconf 79' lang='lat' dir='ltr'>speciminibus</span> 
     </span>
     <span class='ocr_line' id='line_1_32' title="bbox 275 4532 1795 4636; baseline -0.001 -28"><span class='ocrx_word' id='word_1_282' title='bbox 275 4532 441 4610; x_wconf 76' lang='lat' dir='ltr'>Moesum</span> <span class='ocrx_word' id='word_1_283' title='bbox 463 4541 601 4618; x_wconf 74' lang='lat' dir='ltr'>omont</span> <span class='ocrx_word' id='word_1_284' title='bbox 638 4535 781 4612; x_wconf 83' lang='lat' dir='ltr'>Gratias</span> <span class='ocrx_word' id='word_1_285' title='bbox 798 4536 1054 4636; x_wconf 77' lang='lat' dir='ltr'>igituragimus</span> <span class='ocrx_word' id='word_1_286' title='bbox 1071 4536 1318 4625; x_wconf 84' lang='lat' dir='ltr'>Curatoribus,</span> <span class='ocrx_word' id='word_1_287' title='bbox 1345 4535 1425 4608; x_wconf 84' lang='lat' dir='ltr'>uiris</span> <span class='ocrx_word' id='word_1_288' title='bbox 1447 4533 1679 4632; x_wconf 67' lang='lat' dir='ltr'>amplissimis,</span> <span class='ocrx_word' id='word_1_289' title='bbox 1700 4533 1795 4632; x_wconf 93' lang='lat' dir='ltr'>quod</span> 
     </span>
     <span class='ocr_line' id='line_1_33' title="bbox 274 4651 1793 4749; baseline -0.001 -21"><span class='ocrx_word' id='word_1_290' title='bbox 274 4651 410 4749; x_wconf 72' lang='lat' dir='ltr'>insigni·</span> <span class='ocrx_word' id='word_1_291' title='bbox 438 4652 532 4730; x_wconf 90' lang='lat' dir='ltr'>dono</span> <span class='ocrx_word' id='word_1_292' title='bbox 560 4657 853 4738; x_wconf 85' lang='lat' dir='ltr'>naurunerandum</span> <span class='ocrx_word' id='word_1_293' title='bbox 886 4657 1083 4731; x_wconf 87' lang='lat' dir='ltr'>censuerint</span> <span class='ocrx_word' id='word_1_294' title='bbox 1115 4655 1225 4730; x_wconf 90' lang='lat' dir='ltr'>virum</span> <span class='ocrx_word' id='word_1_295' title='bbox 1260 4657 1349 4730; x_wconf 84' lang='lat' dir='ltr'>bene</span> <span class='ocrx_word' id='word_1_296' title='bbox 1382 4655 1427 4728; x_wconf 95' lang='lat' dir='ltr'>de</span> <span class='ocrx_word' id='word_1_297' title='bbox 1460 4679 1580 4728; x_wconf 86' lang='lat' dir='ltr'>museo</span> <span class='ocrx_word' id='word_1_298' title='bbox 1609 4652 1793 4739; x_wconf 87' lang='lat' dir='ltr'>meritum,</span> 
     </span>
     <span class='ocr_line' id='line_1_34' title="bbox 273 4769 1793 4878; baseline -0.004 -30"><span class='ocrx_word' id='word_1_299' title='bbox 273 4769 525 4871; x_wconf 74' lang='lat' dir='ltr'>Kmiuugan,</span> <span class='ocrx_word' id='word_1_300' title='bbox 557 4775 624 4878; x_wconf 78' lang='lat' dir='ltr'>qui</span> <span class='ocrx_word' id='word_1_301' title='bbox 655 4799 699 4850; x_wconf 82' lang='lat' dir='ltr'>en</span> <span class='ocrx_word' id='word_1_302' title='bbox 723 4775 906 4850; x_wconf 85' lang='lat' dir='ltr'>itineribus</span> <span class='ocrx_word' id='word_1_303' title='bbox 926 4776 999 4850; x_wconf 86' lang='lat' dir='ltr'>anis</span> <span class='ocrx_word' id='word_1_304' title='bbox 1024 4777 1061 4850; x_wconf 93' lang='lat' dir='ltr'>in</span> <span class='ocrx_word' id='word_1_305' title='bbox 1086 4775 1225 4862; x_wconf 83' lang='lat' dir='ltr'>Indiorn</span> <span class='ocrx_word' id='word_1_306' title='bbox 1252 4775 1461 4850; x_wconf 87' lang='lat' dir='ltr'>Orientalern</span> <span class='ocrx_word' id='word_1_307' title='bbox 1488 4774 1600 4848; x_wconf 86' lang='lat' dir='ltr'>redux</span> <span class='ocrx_word' id='word_1_308' title='bbox 1624 4771 1694 4846; x_wconf 85' lang='lat' dir='ltr'>iem</span> <span class='ocrx_word' id='word_1_309' title='bbox 1716 4769 1793 4868; x_wconf 82' lang='lat' dir='ltr'>plu·</span> 
     </span>
     <span class='ocr_line' id='line_1_35' title="bbox 274 4890 1795 4995; baseline -0.004 -23"><span class='ocrx_word' id='word_1_310' title='bbox 274 4890 341 4972; x_wconf 77' lang='lat' dir='ltr'>lies</span> <span class='ocrx_word' id='word_1_311' title='bbox 375 4893 541 4974; x_wconf 77' lang='lat' dir='ltr'>Mtrseum</span> <span class='ocrx_word' id='word_1_312' title='bbox 579 4894 816 4994; x_wconf 73' lang='lat' dir='ltr'>locupletavit,</span> <span class='ocrx_word' id='word_1_313' title='bbox 863 4895 913 4970; x_wconf 87' lang='lat' dir='ltr'>iis.</span> <span class='ocrx_word' id='word_1_314' title='bbox 939 4920 1028 4994; x_wconf 85' lang='lat' dir='ltr'>quse</span> <span class='ocrx_word' id='word_1_315' title='bbox 1060 4895 1202 4973; x_wconf 84' lang='lat' dir='ltr'>sedulus</span> <span class='ocrx_word' id='word_1_316' title='bbox 1240 4895 1423 4995; x_wconf 76' lang='lat' dir='ltr'>eollegerat</span> <span class='ocrx_word' id='word_1_317' title='bbox 1460 4902 1495 4968; x_wconf 88' lang='lat' dir='ltr'>et</span> <span class='ocrx_word' id='word_1_318' title='bbox 1530 4892 1579 4966; x_wconf 88' lang='lat' dir='ltr'>ita</span> <span class='ocrx_word' id='word_1_319' title='bbox 1616 4890 1795 4966; x_wconf 75' lang='lat' dir='ltr'>thesauros</span> 
     </span>
    </p>
   </div>
   <div class='ocr_carea' id='block_1_7' title="bbox 0 0 2496 6281">
    <p class='ocr_par' dir='ltr' id='par_1_10' title="bbox 0 0 2496 6281">
     <span class='ocr_line' id='line_1_36' title="bbox 0 0 2496 6281; baseline 0 0"><span class='ocrx_word' id='word_1_320' title='bbox 0 0 2496 6281; x_wconf 95' lang='lat' dir='ltr'> </span> 
     </span>
    </p>
   </div>
  </div>
 </body>
</html>
