4984 6286
795 743 1315 820 1un101aoltu11tult.

1034 999 1084 1073 Il.

414 1219 551 1293 ORDO
575 1216 942 1293 PHILOSOPHIAll
964 1215 1308 1291 ufluouuulonu
1333 1215 1396 1290 ΕΤ
1419 1215 1709 1292 LITERARUM

886 1335 1234 1410 HUMANIORUM

296 1557 340 1631 ad
365 1555 603 1657 quaestionem
627 1555 859 1655 propositam:

348 1677 424 1750 rDe
455 1677 501 1754 Q.
534 1675 672 1750 Horatii
703 1674 818 1748 Flacci
855 1674 980 1748 studiis
1005 1675 1148 1748 Graecis
1170 1675 1219 1749 ita
1243 1685 1455 1774 exponatur,
1490 1685 1531 1750 ut
1556 1684 1725 1776 quantum
1750 1678 1825 1752 fieri

297 1795 429 1896 upossit
463 1796 660 1895 indagetur,
697 1819 786 1893 quos
823 1805 980 1870 auctores
1010 1819 1081 1895 quo
1114 1796 1256 1870 oonsilio
1282 1819 1393 1894 quove
1422 1796 1537 1870 lruetu
1567 1796 1712 1895 legeritr
1737 1820 1826 1895 quos

297 1924 500 2015 apostorum
532 1915 626 1988 looos
657 1939 728 2013 qua
759 1922 833 1987 erte
862 1913 1031 1988 imitando
1063 1915 1288 2012 expresserit,
1314 1915 1401 2013 quid
1423 1916 1468 1990 ad
1495 1917 1693 2016 exemplum
1717 1919 1824 1992 Grae·

272 2058 438 2112 rourum
472 2035 509 2110 in
545 2035 680 2134 poetieo
713 2033 919 2109 latinorum
959 2059 1135 2122 sermone,
1171 2035 1242 2108 siva
1273 2037 1367 2109 solus
1398 2036 1471 2110 aive
1499 2061 1580 2110 cum
1601 2037 1825 2136 aequalibus,

298 2155 520 2231 rnoveaarit'’

347 2298 457 2349 uuum
502 2274 636 2373 sucepit
676 2297 900 2372 responsum,
947 2275 1005 2349 oui
1047 2274 1174 2348 lemma
1217 2273 1421 2374 inscriptum
1461 2286 1535 2350 eat:
1577 2278 1647 2351 ὅτι
1691 2279 1824 2366 καλὸν,

296 2395 417 2490 φίλον
440 2394 513 2471 αέί.
745 2479 748 2486 ,

346 2516 428 2590 Non
474 2539 555 2590 saue
595 2514 767 2589 incuriose
802 2523 875 2589 tam
910 2513 1068 2588 universa
1103 2516 1260 2612 quaestio
1294 2540 1399 2613 quam
1438 2516 1595 2615 singulae
1631 2520 1829 2616 argumenti

296 2645 412 2736 partes
444 2644 611 2712 traotatae
646 2645 747 2723 suut,
781 2644 818 2708 et
848 2643 961 2708 totum
988 2659 1095 2733 opus,
1130 2657 1198 2708 uon
1226 2635 1341 2710 minus
1362 2644 1443 2736 apta
1468 2661 1581 2712 rerum
1606 2637 1829 2736 dispositione

296 2781 404 2854 quam
435 2754 560 2830 idoneo'
593 2755 766 2830 scribendi
799 2778 926 2853 genero
954 2755 1112 2852 insigne,
1137 2755 1297 2829 iuvenem
1324 2756 1440 2853 prodit
1465 2758 1684 2846 modestum,
1709 2757 1828 2832 iudus-

296 2877 427 2963 trium,
453 2875 630 2950 literarum
652 2899 769 2949 amore
792 2875 1017 2974 flagrantem,
1043 2873 1262 2973 eundemque
1286 2874 1381 2949 haud
1403 2877 1613 2976 imperitum.
1665 2878 1830 2954 Sermone

297 3020 384 3070 usus
409 3004 550 3068 estnon
570 3019 659 3093 puro
678 2993 841 3093 quidem,
868 3019 931 3069 neo
958 2995 1019 3094 qui
1043 2995 1145 3069 anxio
1171 3021 1209 3069 se
1232 2995 1413 3070 verborum
1439 2996 1574 3070 delectu
1593 2998 1828 3088 commendet,

297 3114 469 3191 eiusmodi
488 3121 625 3203 tamen,
651 3123 692 3189 ut
714 3115 878 3213 augurari
897 3115 981 3190 iude
1009 3115 1130 3204 lioeet,
1158 3141 1238 3191 eum
1260 3115 1446 3214 aliquando
1468 3114 1675 3216 scripturum
1693 3117 1828 3194 Latine.

348 3238 431 3315 Quo
464 3235 576 3335 magis
609 3234 708 3310 Ordo
737 3234 842 3312 dolet
861 3236 1189 3311 commentationem
1223 3237 1266 3309 iis
1288 3236 1441 3311 laborare
1467 3236 1558 3309 vitiis
1581 3245 1685 3334 atque
1709 3241 1828 3315 errori·

300 3358 385 3445 bus,
410 3367 450 3431 ut
472 3381 578 3432 aureo
603 3355 756 3456 praemio
781 3381 850 3431 non
876 3357 959 3431 satia
984 3357 1091 3456 digna
1113 3356 1274 3431 habenda
1296 3381 1371 3430 esse
1393 3356 1558 3431 videatur.

347 3478 439 3552 Nam
465 3475 672 3576 quoniame
695 3475 776 3550 viris
800 3475 929 3564 doctis,
955 3477 1016 3575 qui
1040 3477 1123 3552 iude
1146 3504 1167 3552 a
1187 3476 1362 3550 Lambino
1385 3475 1525 3574 plurimi
1547 3477 1635 3551 haue
1657 3479 1828 3576 quaestio·

298 3623 379 3672 nem
410 3597 622 3696 attigerunt,
652 3596 808 3695 plerique
835 3621 956 3672 omnes
978 3597 1065 3686 looi,
1090 3597 1152 3695 qui
1176 3596 1447 3670 Horatianorum
1473 3595 1602 3670 similes
1629 3597 1723 3695 apud
1748 3623 1827 3673 aue·

298 3728 390 3792 tores
421 3717 572 3790 Graecos
602 3724 807 3804 aecurrunt,
839 3714 973 3789 collecti
1009 3723 1092 3788 sunt
1127 3725 1232 3813 atque
1264 3716 1399 3804 collati,
1433 3740 1503 3790 non
1538 3726 1592 3790 est
1621 3716 1828 3808 obscurum,

300 3837 405 3911 huius
432 3835 665 3935 responsionis
691 3835 823 3910 auctori
850 3843 931 3908 ante
955 3836 1072 3909 omnia
1097 3835 1161 3909 hoo
1187 3835 1364 3934 egendum
1387 3835 1516 3924 luisse,
1549 3845 1589 3911 ut
1612 3837 1682 3912 aeri
1703 3837 1831 3913 iudicio

300 3957 549 4057 distingueret,
587 3956 731 4055 quinam
765 3981 807 4030 ex
845 3956 969 4030 horum
1003 3956 1155 4030 locorum
1195 3981 1340 4031 numero
1372 3956 1466 4053 apud
1495 3965 1632 4054 poetam
1664 3957 1828 4031 Latinum

300 4077 503 4154 manifestae
528 4077 721 4152 debeantur
747 4095 809 4166 aut
831 4075 1017 4150 imitationi
1042 4086 1105 4150 aut
1129 4076 1376 4163 recordationi,
1402 4099 1489 4173 quos
1509 4087 1646 4164 eontra,
1672 4079 1830 4174 quamvis

301 4207 507 4299 argumento
533 4225 555 4274 a
585 4197 727 4272 Graecis
760 4221 830 4271 non
862 4195 1116 4293 discrepantes,
1149 4217 1332 4293 germanos
1357 4193 1540 4268 Horatiani
1563 4194 1694 4292 ingenii
1716 4196 1829 4270 loetus

302 4318 492 4394 habeamus
516 4341 655 4392 neeesse
680 4318 735 4390 sit.

351 4437 447 4512 Huie
477 4445 594 4512 autam
626 4436 697 4525 rei,
729 4459 834 4533 quam
865 4443 1039 4508 auctorem
1073 4457 1142 4507 non
1167 4458 1308 4533 prorsus
1332 4433 1492 4507 fefellisse
1515 4445 1568 4507 est
1597 4435 1690 4509 unde
1715 4437 1829 4535 auspi·

300 4557 407 4646 aeris,
439 4559 541 4657 louge
573 4557 691 4631 minus
722 4579 825 4654 quam
854 4578 916 4653 par
936 4554 1049 4629 luerat
1075 4554 1223 4629 attendit
1235 4587 1245 4642 ;
1281 4554 1374 4628 unde
1397 4553 1545 4644 lactum,
1572 4564 1611 4628 ut
1634 4581 1735 4656 saepe
1752 4556 1829 4630 irni-

303 4676 425 4752 letioui
446 4677 607 4752 tribuerit
625 4678 737 4763 locos,
762 4674 925 4773 quisunt
945 4687 981 4749 et
1003 4675 1167 4750 dicuntur
1189 4699 1409 4764 communes,
1435 4699 1582 4773 quorum
1599 4676 1694 4774 apud
1709 4699 1829 4751 omues

303 4798 462 4874 omnium
486 4807 636 4874 aetatem
664 4796 845 4896 scriptores
867 4796 990 4895 iugens
1013 4796 1111 4894 oopie
1132 4796 1319 4895 reperitur:
1346 4796 1431 4894 quin
1453 4805 1509 4870 est
1525 4795 1586 4869 ubi
1608 4821 1687 4870 oum
1714 4795 1827 4871 Hora·

304 4919 407 4994 tiauis
439 4921 650 4996 Graecorum
678 4918 770 4992 locos
799 4928 974 5015 comparet
1005 4916 1122 5014 speeie
1153 4942 1257 5014 quam
1295 4941 1331 4990 re
1366 4916 1545 4990 similiores
1579 4925 1616 4990 et
1645 4940 1690 4990 ne
1717 4916 1829 5016 speeie
