4984 6286
663 729 706 796 68
965 729 1001 792 Β.
1036 728 1062 792 l.
1097 721 1337 790 LlN'l'ELO
1372 725 1434 788 DE
1469 722 1612 788 cccli
1646 717 1871 787 ORATIO.

667 959 783 1035 studia
815 982 877 1032 sua
906 955 1017 1029 redire
1036 953 1152 1053 'possit
1177 961 1213 1028 et
1236 954 1300 1028 hoc
1325 953 1477 1052 praemio
1500 952 1665 1026 incitatus
1688 950 1915 1066 humanitatis
1940 949 2075 1040 studia,
2102 975 2187 1049 quo·

665 1105 743 1154 rum
765 1076 962 1175 exemplum
988 1075 1024 1150 in
1048 1074 1149 1149 Valla
1172 1073 1440 1161 demonstravit,
1464 1097 1544 1147 eum
1568 1070 1769 1172 theologicis
1791 1071 1996 1171 coniungat,
2019 1082 2060 1146 ut
2083 1073 2132 1148 sic
2153 1082 2188 1147 et

664 1198 783 1274 Vallae
805 1196 1011 1296 elegantiam
1034 1204 1068 1269 et
1094 1195 1243 1269 Lutheri
1268 1193 1374 1268 fidem
1398 1194 1532 1268 celerat.

712 1556 848 1632 Accede
865 1555 947 1648 iam,
972 1554 1188 1629 ornatissime
1202 1551 1409 1638 Goudsmit‚
1440 1559 1478 1623 ut
1502 1550 1712 1626 destinatum
1735 1549 1800 1624 tibi
1822 1549 2013 1647 praemium
2029 1550 2185 1648 accipias.

601 1673 603 1679 ’
648 1677 722 1752 -Sic
752 1684 792 1751 tu
828 1677 961 1752 iuvenis
996 1673 1103 1773 putris
1135 1673 1204 1745 iam
1237 1671 1382 1770 vestigia
1403 1671 1531 1768 premis
1556 1678 1592 1745 et
1616 1671 1768 1770 sequeris
1792 1670 1990 1768 exemplum
2013 1670 2106 1768 quod
2129 1669 2185 1781 ille

662 1799 728 1872 tibi
747 1798 853 1874 dedit.
913 1797 1023 1871 Macte
1045 1795 1170 1868 virtute
1194 1803 1276 1884 tua,
1300 1791 1396 1890 quod
1419 1799 1454 1864 te
1477 1815 1546 1865 non
1571 1789 1734 1865 deterreri
1763 1789 1871 1864 sivisti
1896 1789 2044 1889 exempli
2063 1790 2184 1890 ampli·

662 1918 785 1992 tudine
814 1926 850 1990 et
873 1917 968 2014 quod
1001 1913 1100 2013 sequi
1131 1912 1269 1987 voluisti
1293 1911 1388 2010 quod
1411 1911 1549 2008 assequi
1571 1911 1726 1985 nondum
1751 1933 1962 1986 muccosum.
2013 1909 2123 2008 Perge
2145 1918 2185 1983 ιιι

661 2036 823 2136 coepisti,
854 2059 959 2134 perge
990 2034 1109 2132 sequi,
1144 2032 1285 2106 tandem
1312 2029 1504 2128 assequeris
1529 2036 1564 2102 et
1588 2030 1633 2102 sit
1660 2027 1723 2103 hoc
1745 2031 1880 2129 regium
1905 2030 2096 2129 praemium
2121 2029 2185 2104 tibi

660 2158 772 2232 calcar
808 2164 849 2229 ut
883 2153 1122 2254 progrediaris.
1174 2152 1281 2230 Quod
1317 2151 1383 2224 tibi
1412 2173 1537 2224 nomen
1571 2149 1737 2245 imposuit
1765 2147 1934 2237 officium,
1967 2159 2073 2249 auget
2098 2148 2185 2224 illud

658 2275 869 2375 praemium,
905 2298 976 2373 quo
1007 2273 1075 2347 iam
1113 2270 1292 2345 decoratus
1323 2297 1370 2346 es.
1429 2269 1509 2344 Alia
1532 2295 1553 2342 a
1578 2278 1612 2342 te
1636 2276 1887 2366 exspectantur.
1938 2269 1993 2342 Τιι
2017 2294 2062 2343 ne
2087 2295 2184 2369 spem

657 2393 775 2483 fallas,
811 2417 917 2491 quem
949 2415 1068 2467 omnes
1103 2389 1146 2464 de
1177 2400 1212 2466 te
1249 2392 1378 2467 habent
1415 2391 1494 2465 talis
1526 2389 1633 2489 patris
1664 2387 1755 2476 filio,
1791 2412 1833 2461 ex
1873 2387 1932 2461 tali
1966 2388 2184 2465 institutione

658 2513 820 2612 prolecto.

1287 2688 1558 2702 —n-n-

704 2868 882 2944 Audivisti
921 2868 1112 2956 iudicium,
1149 2865 1365 2942 ornatissime
1398 2864 1545 2961 Nepos,
1582 2863 1675 2962 quod
1713 2863 1756 2937 de
1795 2872 1857 2938 tna
1892 2869 2181 2944 commentatione

655 2989 739 3064 ordo
764 2989 855 3064 tulit.
905 2989 1043 3063 Accede
1071 2987 1141 3060 iam
1170 2997 1209 3060 ut
1231 2984 1345 3059 laudis
1371 2983 1608 3058 testimonium
1633 2983 1779 3083 accipias
1803 2986 1897 3082 quod
1921 2987 1986 3060 tibi
2006 2989 2180 3063 decretum

654 3116 717 3184 est.
769 3111 882 3186 Grave
908 3117 982 3183 arat
1014 3116 1050 3182 et
1085 3105 1222 3180 difficile
1244 3111 1489 3204 argumentum
1516 3103 1610 3202 quod
1641 3104 1859 3179 tractandum
1884 3107 2074 3206 suscepisti.
2125 3106 2183 3180 Sic

654 3227 810 3304 tractasti
848 3235 889 3301 ut
918 3227 1056 3301 laudem
1086 3227 1257 3302 merearis.
1317 3224 1416 3299 Haec
1447 3224 1523 3298 laus
1554 3232 1590 3298 te
1617 3224 1736 3300 incitet
1762 3233 1802 3298 ut
1824 3251 1928 3323 quam
1950 3227 2127 3326 ingressus
2145 3251 2182 3301 es

655 3347 873 3447 persequaris
906 3348 995 3420 viam
1025 3370 1089 3420 nec
1112 3345 1334 3420 difficultates
1361 3345 1573 3420 reformides.
1632 3343 1711 3418 Hoc
1734 3343 1798 3418 tibi
1823 3347 2001 3448 contingat
2025 3354 2065 3421 ut
2087 3347 2180 3422 labo·

654 3491 728 3542 rem
760 3477 796 3541 et
825 3467 1033 3541 industriam
1069 3491 1205 3563 semper
1226 3474 1391 3564 sequatur
1416 3465 1527 3539 laudis
1559 3463 1817 3553 testimoninm,
1842 3466 1904 3539 sed
1928 3466 1993 3541 hoc
2016 3467 2081 3541 tibi
2104 3493 2178 3567 per·

657 3611 800 3662 suasum
825 3585 916 3662 habe
939 3584 1077 3661 maioris
1101 3583 1295 3660 faciendam
1320 3585 1410 3658 bene
1431 3596 1465 3658 et
1489 3584 1707 3659 laudabiliter
1726 3584 1809 3659 laeti
1828 3585 2082 3664 conscientiam.

703 3945 826 4044 Peregi
850 3944 945 4044 quod
965 3943 1051 4017 mihi
1075 3969 1204 4018 munus
1224 3943 1426 4041 impositum
1448 3952 1532 4018 erat.
1567 3945 1680 4044 Regio
1704 3943 1841 4018 decreto
1861 3945 1895 4017 in
1917 3968 2049 4021 annum
2064 3948 2176 4044 proxi·

653 4088 750 4138 mum
778 4063 909 4139 ‘Rector
937 4065 1150 4164 Magnificus
1175 4063 1278 4138 huius
1302 4063 1497 4137 academice
1520 4064 1721 4163 designatus
1744 4063 1811 4137 fuit
1845 4063 2054 4140 clarissimus
2079 4068 2176 4144 Brill.

701 4185 751 4258 Te
767 4183 890 4283 igitur,
916 4183 979 4258 Vir
1002 4185 1219 4270 Clarissimo,
1246 4182 1421 4257 Gnilieme
1444 4183 1595 4257 Gerarde
1617 4181 1715 4270 Brill‚
1739 4183 1920 4257 Rectorem
1945 4184 2175 4284 Magnificum

652 4304 813 4377 renuntio
831 4312 867 4378 et
880 4304 1064 4403 proclamo.
1114 4303 1251 4379 Accede
1265 4303 1334 4376 iam
1360 4302 1404 4376 ad
1425 4301 1538 4376 locum
1560 4301 1624 4375 tibi
1647 4301 1870 4392 destinatum,
1890 4305 2025 4405 suscipe
2047 4329 2175 4381 munus

652 4421 812 4497 rectionis
838 4431 975 4498 nostrae
998 4423 1227 4511 Academiae,
1253 4423 1297 4496 sit
1322 4422 1409 4495 illud
1433 4421 1500 4494 tibi
1524 4422 1597 4495 leve
1618 4430 1654 4494 et
1667 4430 1824 4520 gratum,
1845 4423 1981 4512 floreat,
2005 4433 2041 4498 te
2065 4426 2173 4515 duce,

656 4543 772 4618 schola
793 4553 928 4632 nostra,
954 4544 999 4617 sit
1022 4543 1077 4618 hic
1101 4569 1214 4618 annus
1236 4551 1272 4617 et
1294 4543 1345 4617 illi
1366 4550 1401 4614 et
1423 4540 1489 4615 tibi
1510 4540 1591 4615 l‘elix
1610 4548 1646 4614 et
1667 4541 1823 4632 faustus,
1849 4554 1885 4617 et
1906 4545 1935 4617 si
1954 4545 2075 4619 incerti
2093 4556 2174 4620 sunt

653 4688 769 4739 rerum
793 4671 949 4753 eventus,
976 4662 1149 4762 quidquid
1173 4663 1274 4738 nobis
1299 4661 1452 4750 eveniat,
1476 4661 1636 4772 TupSol
1661 4663 1839 4752 Iustitiae,
1865 4659 1998 4738 illustra
2022 4690 2096 4740 nos.

1328 4923 1495 4956 *ιο--
