4984 6286
685 723 730 790 66
1129 722 1165 786 B.
1201 720 1226 784 l.
1263 718 1502 784 LlN‘l'llLO
1537 719 1599 783 ult
1633 717 1772 784 GEER

687 930 790 1006 teiam
823 929 1037 1026 reliquerunt
1069 935 1108 1001 ut
1130 927 1262 1002 miseris
1288 928 1499 1027 prodessent
1550 927 1645 1000 Bene
1665 924 1920 1034 etulsndebiter
1944 925 2093 1015 lecistis,
2115 929 2211 1025 quod

689 1074 794 1148 quam
828 1045 997 1122 didicistis
1032 1055 1161 1144 artem,
1205 1031 1321 1122 statim
1360 1048 1395 1122 in
1428 1049 1574 1122 eliorum
1606 1047 1752 1121 salutem
1785 1044 1994 1118 adhibuistis
2024 1055 2060 1122 et
2084 1071 2210 1126 nomen

686 1175 824 1244 nostrae
862 1167 1058 1243 academiae
1084 1167 1189 1240 etiam
1220 1167 1311 1242 inter
1336 1177 1471 1243 exteros
1494 1165 1577 1240 tuiti
1603 1165 1696 1240 estis.
1749 1163 1850 1240 Uunr
1877 1174 2028 1242 vestrum
2054 1175 2211 1244 monum

686 1295 759 1378 ast,
794 1287 870 1362 eius
909 1287 1111 1362 memoriam
1145 1287 1379 1376 servabimus,
1417 1287 1514 1361 vobis
1552 1286 1641 1360 bene
1676 1284 1757 1360 lacti
1795 1285 2003 1362 considentis
2045 1297 2210 1386 perpetua

611 1453 620 1471 s
686 1408 907 1507 maximaque
932 1408 977 1484 sit
991 1406 1240 1482 *remuneratio

734 1529 855 1603 Unum
885 1528 971 1602 milri
1006 1527 1172 1628 superest.
1223 1527 1273 1600 Ut
1311 1527 1439 1601 iudicia
1471 1526 1610 1600 recitem
1643 1525 1686 1600 de
1717 1525 1976 1623 quaestionibus
2005 1527 2208 1625 propositis,

686 1672 776 1746 quae
799 1648 955 1747 singulae
976 1648 1156 1722 facultates
1181 1648 1357 1734 tulerunt,
1380 1655 1415 1719 et
1433 1645 1584 1745 praemia
1606 1645 1779 1744 porrigam
1797 1645 1862 1738 iis,
1886 1645 1949 1745 qui
1967 1646 2076 1724 inillo
2095 1648 2207 1722 laudis

685 1767 871 1842 certamine
910 1767 1054 1842 victores
1093 1768 1309 1844 exstiterunt.
1372 1767 1452 1840 Non
1487 1766 1598 1839 multa
1633 1774 1772 1864 accepta
1807 1774 1891 1840 sunt
1927 1790 2109 1864 responsa,
2146 1767 2206 1842 sed

685 1911 775 1986 qnae
817 1886 933 1962 oblata
973 1887 1135 1976 luerunt,
1178 1887 1367 1962 ostendunt
1405 1911 1511 1985 quam
1552 1887 1659 1961 laetos
1693 1885 1827 1960 fruetus
1864 1887 1959 1984 apud
1996 1910 2060 1962 nos
2092 1887 2207 1962 studia

683 2007 832 2106 prolerre
854 2007 997 2106 possint.
1045 2095 1052 2104 .

1084 2169 1241 2261 (nectat
1266 2165 1446 2241 Prorector
1470 2169 1597 2242 iudicia
1622 2169 1801 2258 ordinum.)

731 2363 790 2436 Ad
818 2369 853 2436 te
883 2388 941 2438 me
971 2371 1150 2455 converto,
1175 2363 1391 2439 ornatissime
1413 2361 1641 2461 Kamerlingb
1667 2362 1799 2438 Onnes.
1846 2362 1912 2438 Per
1939 2363 2041 2439 breve
2066 2372 2206 2462 tempus
2253 2385 2255 2390 ·

682 2481 720 2558 in
750 2483 940 2562 Academia
965 2493 1138 2572 versatus,
1172 2485 1241 2558 iam
1270 2484 1337 2558 tale
1364 2483 1545 2582 reportasti
1566 2482 1770 2582 praemium.
1820 2483 1957 2558 Accede
1979 2482 2048 2562 huo
2074 2497 2114 2560 ut
2141 2484 2206 2562 tibi

683 2603 856 2702 porrigam
890 2603 1026 2703 regiam
1062 2628 1202 2680 munus.
1252 2604 1395 2702 Cogita,
1431 2605 1518 2702 quid
1550 2603 1618 2681 iarn
1644 2628 1665 2678 a
1692 2609 1726 2678 te
1750 2611 2001 2700 exspectemus.
2046 2603 2085 2679 Si
2112 2629 2204 2681 nunc

604 2711 614 2728 ’
680 2723 814 2798 iuvenis
844 2723 948 2798 talem
970 2731 1006 2800 te
1028 2723 1228 2822 praestitisti
1254 2725 1315 2822 qui
1336 2733 1433 2800 tanto
1458 2748 1600 2800 munere
1622 2722 1752 2820 dignus
1772 2745 1885 2809 esses,
1910 2746 1991 2796 mox
2016 2723 2068 2798 vir
2093 2723 2204 2802 lectita

680 2841 847 2930 maxima,
882 2850 922 2920 ut
951 2843 1176 2932 confidimus,
1209 2843 1309 2918 nobis
1339 2844 1511 2919 ostendes.
1572 2844 1683 2940 Perge
1715 2841 1895 2939 progredi,
1937 2866 2007 2940 qua
2043 2844 2201 2942 coepisti,

679 2983 734 3038 ars
759 2961 880 3059 longe,
914 2962 984 3038 vita
1004 2963 1129 3040 brevis.
1174 2963 1271 3038 Felix
1304 2964 1365 3062 qui
1389 2963 1457 3042 iam
1480 2972 1615 3038 mature
1645 2961 1795 3040 multum
1823 2986 2024 3060 progressus
2049 2973 2123 3052 est;
2150 2965 2203 3044 vie

679 3081 745 3158 tibi
767 3089 882 3181 patet,
908 3091 1060 3160 mantare
1086 3075 1264 3172 naturam,
1290 3083 1379 3158 bene
1402 3083 1624 3181 investiganti
1647 3080 1705 3156 illa
1727 3080 1907 3158 thesauros
1930 3107 2012 3160 suos
2034 3095 2200 3164 monstra·

678 3201 750 3288 bit,
776 3211 817 3276 ut
845 3201 923 3276 illos
945 3203 997 3276 ad
1020 3204 1109 3280 vitae
1133 3195 1236 3278 usum
1267 3211 1302 3276 et
1333 3202 1512 3276 hominum
1544 3202 1728 3278 utilitatem
1751 3199 1927 3280 adhibeas.
1967 3203 2095 3280 Iudicii
2122 3231 2200 3284 acu·

678 3343 778 3409 meu,
803 3320 1031 3420 multiplicem
1069 3321 1271 3410 doctrinam,
1303 3321 1428 3398 criseos
1461 3322 1676 3421 diligentiam
1701 3329 1737 3396 et
1759 3321 1988 3400 subtilitatem
2010 3325 2046 3398 in
2073 3335 2107 3399 te
2127 3325 2199 3402 lau·

679 3441 773 3516 davit
806 3441 963 3518 facultas.
1022 3442 1091 3518 His
1123 3443 1314 3517 instructus
1344 3441 1502 3530 dotibus,
1537 3442 1567 3516 ri
1590 3441 1817 3516 temeritatem
1841 3445 2049 3533 coercueris,
2082 3469 2201 3522 omnes

680 3557 778 3636 leoile
799 3557 978 3658 superabis
1001 3559 1231 3638 difficultates.
1274 3560 1355 3638 Quo
1389 3561 1531 3636 ulterius
1556 3560 1803 3658 progrediaris,
1829 3587 1876 3640 eo.
1894 3564 2007 3662 magis
2030 3564 2200 3665 intelliges

677 3703 782 3776 qnam
808 3680 920 3754 multa
943 3679 1014 3756 sint
1036 3703 1126 3778 quse
1147 3680 1362 3778 ignorantur,
1385 3689 1419 3754 et
1443 3704 1524 3754 cum
1547 3680 1739 3778 praemium
1766 3680 1831 3758 hoc
1857 3690 1893 3758 te
1912 3684 1957 3759 ad
1979 3685 2198 3783 progredien-

678 3798 763 3872 dum
791 3798 931 3889 incitet,
964 3801 1040 3900 ipae
1075 3823 1180 3898 quam
1211 3800 1417 3898 comparasti
1439 3799 1614 3888 doctrina,
1641 3799 1839 3878 modestum
1862 3810 1898 3877 et
1922 3828 2094 3882 semorum
2118 3829 2197 3882 oon-

679 3918 848 4007 servabit,
874 3925 909 3993 et
930 3918 1095 3995 hodierna
1117 3919 1193 3994 leus
1217 3905 1382 3992 novarum
1406 3919 1550 4003 laudum
1576 3919 1642 3994 tibi
1661 3943 1763 3998 omen
1784 3922 1859 4000 erit.

1526 4173 1529 4181 .

1299 4199 1571 4215 mun—usa·—

726 4397 773 4470 Et
800 4402 860 4486 tu,
883 4398 1100 4478 ornatissimo
1115 4397 1273 4486 Valeton,
1299 4398 1520 4474 benefecisti
1546 4399 1660 4497 quod,
1687 4399 1716 4472 si
1739 4421 1894 4478 summas
1918 4398 2037 4478 laudes
2060 4402 2197 4499 assequi

677 4523 746 4605 non
774 4513 937 4610 potuisti,
963 4516 1130 4596 secundas
1158 4540 1227 4596 nou
1254 4514 1426 4592 abnueris.
1478 4517 1520 4593 In
1547 4518 1683 4615 magnis
1707 4519 1853 4598 volutae
1883 4527 1936 4596 sat
1958 4527 2031 4608 est,
2055 4545 2194 4619 eggres-

676 4657 737 4710 sus
759 4657 796 4706 es
817 4631 990 4712 difficilem
1013 4636 1269 4733 quaestionem,
1295 4636 1343 4710 sic
1367 4637 1522 4713 tractasti
1549 4647 1589 4716 ut
1614 4647 1780 4736 argenteo
1802 4638 1954 4738 praemio
1981 4647 2016 4714 te
2048 4639 2193 4739 dignum

675 4752 844 4831 iudicaret
874 4752 1032 4834 facultas.
1082 4756 1218 4833 Accede
1254 4766 1293 4830 ut
1328 4757 1518 4856 praemium
1557 4756 1727 4836 industria
1763 4760 1829 4838 tibi
1863 4767 2000 4858 partum
2036 4760 2193 4858 accipies.

674 4873 736 4968 Nil
763 4872 837 4952 tine
861 4895 989 4972 magno
1026 4873 1095 4952 vita
1125 4875 1240 4955 labore
1273 4875 1369 4957 dedit
1404 4877 1615 4956 mortalibus.
1668 4853 1748 4960 Hbc
1780 4879 1949 4959 Horatius
1979 4903 2083 4982 quarn
2118 4905 2194 4958 vere
