4984 6286
877 743 1259 816 NARRATIO.
1786 749 1827 816 61

303 978 396 1032 anuo
429 964 465 1030 et
500 955 568 1053 ipsi
602 955 695 1055 passi
728 955 859 1031 fuimus
891 964 927 1029 et
962 955 1048 1030 alios
1078 953 1249 1053 patientes
1283 953 1445 1028 vidimus.
1508 955 1605 1029 Inter
1632 966 1764 1058 strages
1790 967 1826 1032 et

302 1076 463 1166 vulnera,
496 1075 587 1151 inter
610 1077 724 1152 clades
749 1083 786 1149 et
820 1074 960 1150 morbos
994 1075 1110 1150 denuo
1143 1073 1326 1172 apparuit,
1360 1098 1465 1171 quam
1500 1077 1618 1150 omnia
1641 1077 1771 1154 incerte
1791 1089 1827 1154 et

302 1195 439 1295 fragilia
458 1197 548 1287 siut,
574 1221 679 1295 quam
698 1221 809 1296 pauca
833 1195 1010 1270 diuturno.
1063 1195 1287 1291 Quantopere
1312 1200 1446 1267 mutata
1467 1218 1582 1269 rerum
1608 1196 1711 1272 facies
1736 1199 1827 1274 inter

302 1317 406 1390 uuiue
439 1316 522 1391 anni
560 1315 723 1414 epatium.
779 1316 971 1415 Oppressae
995 1339 1058 1388 noe
1079 1313 1249 1386 sentimus
1272 1312 1326 1385 his
1348 1337 1462 1387 rerum
1488 1319 1767 1393 conversionibus
1792 1329 1827 1393 et

306 1435 468 1510 varietata
491 1445 689 1511 eventuum.
741 1435 810 1509 Sed
836 1459 905 1509 non
933 1460 953 1509 a
980 1434 1052 1510 fato
1076 1433 1138 1506 sed
1159 1457 1181 1505 a
1202 1432 1278 1505 Deo
1303 1431 1387 1506 haec
1414 1433 1515 1507 nobie
1541 1435 1675 1510 evenire
1700 1439 1827 1514 scimus

303 1565 339 1630 et
368 1554 447 1630 huic
481 1556 693 1632 confidenter
726 1564 853 1630 sortem
883 1563 1036 1629 nostram
1068 1551 1322 1652 permittimus,
1348 1552 1412 1626 hoc
1439 1577 1547 1628 unum
1573 1566 1714 1654 agentes
1736 1549 1828 1632 intef

302 1674 460 1750 fortunae
494 1674 768 1765 vicissitudines,
799 1685 839 1750 ut
862 1674 945 1750 dum
977 1675 1048 1750 fota
1073 1674 1187 1747 sinant
1213 1673 1250 1747 id
1279 1673 1498 1771 perficiamus
1524 1677 1618 1772 quod
1640 1676 1740 1751 nobie
1761 1678 1826 1752 im·

303 1796 458 1893 positum
483 1805 536 1870 eet
561 1796 733 1884 officium,
754 1796 946 1894 praesentia
964 1819 1142 1884 curemus,
1169 1793 1361 1866 defuturis
1385 1819 1452 1868 non
1478 1795 1622 1871 solliciti.

1041 2031 1089 2114 Π.

354 2269 518 2357 Gaudeo,
550 2267 759 2356 Auditoree,
792 2292 861 2341 non
894 2276 1011 2341 umen
1038 2267 1074 2339 in
1097 2267 1195 2341 luctu
1222 2266 1309 2340 mihi
1332 2267 1592 2342 subsistendum
1620 2295 1706 2349 esse.
1757 2276 1830 2352 Qui

303 2387 403 2462 nobis
428 2389 591 2478 adversa,
615 2389 708 2463 idem
738 2414 876 2488 quoquc
911 2388 1003 2462 bona
1035 2397 1071 2461 et
1104 2389 1219 2462 fausta
1253 2386 1370 2461 attulit
1400 2410 1528 2476 annue,
1568 2415 1656 2487 quac
1690 2394 1829 2493 erigunt

303 2506 458 2582 animum
496 2517 533 2582 et
564 2508 654 2583 bene
686 2510 729 2583 de
765 2509 954 2584 Academia
993 2516 1110 2582 nostra
1147 2531 1282 2606 sperare
1321 2505 1454 2580 iubent.
1522 2508 1586 2582 Est
1620 2512 1713 2587 enim
1746 2515 1829 2590 haec

303 2650 419 2702 rerum
442 2629 673 2704 humanarum
695 2638 819 2704 natura
845 2637 886 2703 ut
904 2629 995 2703 bona
1024 2629 1093 2702 sint
1124 2630 1232 2702 mixta
1259 2625 1370 2700 malis.
1410 2625 1541 2702 Felices
1569 2629 1631 2728 qui
1654 2657 1716 2706 sua
1740 2633 1832 2710 bono

303 2757 440 2823 norunt.
492 2747 571 2824 Hoc
602 2749 689 2824 milri
715 2751 752 2823 io
779 2750 979 2824 memoriam
1000 2749 1121 2836 rediit,
1147 2748 1210 2822 ubi
1240 2771 1299 2820 voe
1321 2745 1495 2843 adspicio,
1521 2748 1583 2821 viri
1609 2751 1832 2850 amplissimi,

298 2864 436 2963 ¹quibus
469 2890 552 2941 cura
588 2867 723 2942 scholae
762 2875 898 2940 nostrae
938 2866 1101 2939 mandata
1135 2877 1198 2939 est.
1250 2864 1347 2942 Quid
1380 2867 1473 2939 enim
1509 2869 1604 2964 prius
1628 2871 1717 2945 inter
1743 2873 1832 2946 bona

307 2992 523 3080 reputarem,
560 3008 666 3082 quam
706 3008 765 3058 vos
800 3008 921 3057 omnes
952 2983 1142 3056 incolumes
1174 2983 1361 3073 mansisse,
1389 2985 1517 3085 quibus
1549 2993 1645 3062 tanta
1668 2991 1771 3064 debet
1795 3000 1831 3065 et

307 3101 449 3176 debebit
479 3110 596 3177 nostra
631 3102 840 3190 Academia,
867 3097 1021 3200 ¹quorum
1044 3103 1259 3200 providentio
1283 3103 1402 3192 floret,
1428 3131 1574 3203 quorum
1602 3109 1831 3186 sollicitudine

304 3221 435 3296 crescit.
485 3223 535 3296 Te
556 3244 654 3311 vero,
676 3222 888 3323 amplissime
905 3223 1056 3311 Rdmer,
1081 3221 1289 3297 Curatorum
1314 3224 1457 3322 collegio
1482 3226 1694 3324 adscriptum
1723 3231 1829 3305 fuisse

297 3342 477 3446 ‘laetantur
498 3366 619 3416 omnes
641 3344 702 3441 qui
727 3352 761 3418 te
783 3342 1009 3442 cognoverint
1035 3349 1070 3416 et
1093 3342 1302 3416 Academiae
1326 3343 1415 3416 bene
1439 3345 1553 3420 velint.
1601 3347 1682 3421 Non
1707 3348 1831 3448 hospes

305 3469 341 3535 et
363 3461 505 3560 ignotus
527 3461 573 3538 ad
596 3488 659 3537 nos
683 3463 798 3553 venis,
825 3464 886 3537 sed
911 3461 1004 3536 redis
1027 3462 1072 3536 ad
1096 3462 1212 3551 illam,
1237 3486 1326 3561 quae
1350 3473 1384 3536 te
1408 3464 1606 3540 informavit
1628 3477 1663 3540 et
1684 3470 1832 3544 erudivit

306 3583 400 3656 alma
423 3592 550 3672 mater,
587 3593 623 3656 et
647 3584 779 3682 experti
806 3584 874 3658 iam
901 3606 1023 3655 sumus
1046 3582 1168 3678 quanti
1190 3607 1265 3655 eam
1293 3581 1407 3656 facias.
1458 3584 1571 3674 Cura,
1598 3587 1737 3676 studio,
1762 3590 1830 3664 ela·

307 3703 452 3789 oritate,
476 3703 608 3802 quibus
626 3704 695 3778 iam
716 3712 817 3777 antea
838 3727 893 3776 res
914 3701 990 3775 ciue
1012 3701 1185 3793 tractasti,
1210 3701 1366 3776 omnium
1391 3715 1546 3777 nostrum
1567 3706 1631 3778 tibi
1647 3707 1832 3784 devinxisti

299 3821 461 3914 animos,
488 3821 633 3898 effecisti
656 3834 696 3898 ut
720 3849 842 3897 omnes
863 3847 957 3896 nuno
979 3822 1110 3920 optima
1133 3846 1292 3920 quaeque
1316 3823 1360 3895 de
1381 3831 1415 3895 te
1439 3833 1688 3922 exspectemus.
1723 3829 1833 3928 Perge

308 3951 348 4016 ut
373 3943 536 4041 coepisti,
570 3944 659 4017 etsi
683 3945 823 4042 quaudo
842 3942 986 4017 recurrit
1012 3942 1151 4016 animus
1172 3943 1217 4016 ad
1241 3942 1330 4015 illud
1352 3953 1509 4040 tempus,
1537 3949 1630 4044 quod
1653 3950 1832 4047 exegimus

222 4053 224 4058 ’
307 4062 411 4136 ambo
449 4063 485 4136 in
523 4064 588 4138 hac
622 4064 831 4153 Academia,
871 4062 1017 4150 studiis,
1054 4063 1206 4137 amicitia
1248 4063 1541 4152 coniunctissimi,
1579 4068 1608 4138 si
1643 4093 1731 4164 quae
1767 4070 1832 4143 tibi

307 4182 496 4257 recordatio
527 4183 621 4258 illiue
654 4183 841 4259 felicissimi
887 4183 1070 4280 temporie,
1113 4207 1192 4256 cum
1243 4207 1311 4256 una
1346 4184 1453 4256 literis
1492 4209 1630 4282 operam
1670 4187 1830 4264 dedimus

308 4312 344 4376 et
380 4303 535 4391 artibus,
584 4314 680 4393 tum,
730 4312 784 4378 sat
827 4302 915 4392 scio,
959 4302 1182 4377 suscitabitur
1217 4303 1274 4376 ills
1315 4326 1433 4394 amor,
1471 4328 1540 4400 quo
1578 4315 1652 4379 turn
1690 4307 1831 4383 iuvenili

307 4423 437 4512 ardore
458 4423 684 4498 Academiam
725 4431 876 4498 nostram
912 4423 1073 4521 amplecti
1108 4422 1303 4498 solebamus
1347 4431 1382 4495 et
1416 4429 1449 4494 te
1487 4423 1667 4499 incitatum
1704 4427 1831 4502 senties

302 4543 354 4641 ad
375 4543 534 4637 ⁴laudem
570 4552 605 4616 et
641 4542 785 4642 gloriam
821 4543 896 4617 eius
932 4543 1148 4640 augendam,
1186 4543 1284 4617 dabis
1332 4545 1549 4650 coempta·
1578 4546 1689 4620 matri.
1750 4548 1830 4621 Non

310 4661 420 4736 deaut
463 4660 547 4750 tibi,
592 4671 734 4762 experto
770 4662 910 4759 loquor,
954 4660 1245 4757 amplissimorum
1285 4660 1454 4749 virorum,
1501 4661 1707 4762 collegarum
1755 4677 1853 4739 tuo-·

310 4807 389 4856 rum
428 4781 586 4856 voluntas
618 4789 654 4855 et
684 4779 863 4856 currilium.
915 4780 1057 4854 Paratus
1092 4804 1150 4854 eos
1189 4781 1341 4854 invenies
1376 4781 1420 4856 ad
1457 4781 1594 4871 omnio,
1631 4809 1720 4881 quae
1757 4795 1830 4858 stu-

314 4902 449 4976 diorum
486 4901 637 4991 utilitas,
674 4901 874 4976 necessitas·
895 4896 1029 4973 scholae
1059 4899 1250 4997 requirunt.
1301 4901 1400 4975 Nihil
1422 4902 1608 4975 desiderari
1633 4902 1777 4993 vellent;
1802 4906 1832 4978 si
