4984 6286
931 740 1212 810 ORATIO.
1788 749 1831 816 25

358 951 430 1026 Sed
463 950 510 1026 ad
543 951 683 1027 laetiora
716 958 865 1026 huneco.
921 950 1014 1025 Albo
1048 949 1281 1026 studiosorum
1315 952 1484 1053 incriptus
1517 961 1570 1031 est
1602 954 1832 1048 Guilialmus,

311 1070 529 1162 Alexander,
572 1072 736 1161 Carolus,
775 1071 973 1159 Hendcus,
1016 1071 1237 1160 Fredericus,
1281 1073 1389 1171 Regis
1431 1075 1685 1174 Augustissimi
1719 1077 1831 1167 filius,

312 1192 542 1270 Neerlendiae
576 1193 753 1293 Princeps.
799 1193 986 1298 Iactamur
1016 1199 1051 1265 et
1074 1192 1272 1292 gloriamur.
1310 1192 1513 1287 Iactamur,
1539 1196 1633 1295 quod
1654 1196 1736 1272 inde
1757 1222 1831 1272 om·

312 1312 418 1388 nibus
451 1335 614 1411 apparere
646 1317 778 1411 potest,
812 1319 982 1410 quantum
1015 1309 1136 1411 Regiis
1162 1309 1365 1409 parentibus
1389 1337 1492 1389 curae
1515 1315 1678 1414 cordique
1703 1317 1765 1409 sit,
1793 1323 1833 1393 ut

312 1433 376 1508 filii
412 1431 468 1507 sul
499 1432 535 1506 in
567 1431 780 1533 amplissimo
806 1431 987 1530 dignitatis
1010 1432 1121 1532 gradu
1145 1430 1267 1521 locati,
1301 1456 1370 1507 non
1396 1434 1508 1509 solum
1534 1435 1639 1510 armis
1662 1434 1832 1536 decorati,

313 1553 375 1628 scd
398 1552 503 1627 etiam
524 1577 546 1626 a
569 1553 680 1626 doctis
703 1558 739 1626 et
759 1577 781 1626 a
804 1552 959 1626 doctrina
980 1551 1142 1627 instructi
1163 1552 1208 1627 ad
1221 1551 1471 1652 rempublicam
1487 1554 1661 1631 accedant.
1699 1554 1832 1630 Gloria·

313 1697 410 1764 mur,
431 1673 526 1772 qnod
546 1671 828 1772 Angustissimus
849 1673 927 1747 Ber
951 1671 1190 1748 lubentissime
1212 1681 1247 1747 at
1269 1673 1344 1748 sine
1365 1674 1434 1750 ulla
1457 1675 1565 1750 animi
1584 1674 1832 1769 sollicitudine,

308 1794 462 1869 ¹alterum
485 1792 702 1868 carissimum
720 1791 788 1866 sibi
807 1794 935 1893 pignus
959 1793 1131 1868 commisit
1154 1793 1237 1866 fidei
1258 1792 1478 1869 Academiae
1491 1795 1835 1895 lugduno-Butam

317 1918 353 1989 et
382 1912 565 2012 praecipue
596 1936 716 1987 eorum
739 1911 900 1987 uirorum
929 1911 1158 1999 institutioni,
1193 1912 1254 2009 qui
1278 1913 1436 2012 exemplo
1463 1939 1526 1990 suo
1550 1914 1777 1990 ostenderunt
1798 1921 1834 1990 et

320 2031 598 2132 quandocunque
632 2033 737 2132 opus'
754 2032 839 2122 erit,
872 2032 987 2107 denuo
1015 2031 1216 2121 ostendent,
1241 2056 1322 2106 cum
1348 2058 1484 2109 summa
1504 2034 1694 2110 reverentia
1718 2036 1833 2135 regiae
1934 2101 1937 2106 .

318 2151 488 2227 maiestati
512 2151 652 2239 debita,
678 2151 784 2226 libere
809 2151 979 2227 sentiendi
1006 2160 1041 2227 et
1064 2176 1152 2252 quae
1173 2153 1301 2227 sentias
1326 2153 1463 2228 dicendi
1486 2154 1679 2230 libertatem
1702 2155 1833 2254 optime

314 2271 508 2348 consistere.

361 2391 481 2466 Utitur
504 2399 541 2466 et
567 2392 774 2496 delectatur,
800 2392 1009 2467 ornatissimi
1029 2391 1308 2467 commilitiones!
1331 2398 1441 2467 vestra
1461 2394 1710 2469 consuetudine
1728 2393 1832 2469 Illus-

314 2511 486 2586 trissimus
511 2511 697 2612 Princeps,
721 2512 828 2610 idque
853 2512 927 2587 iure
953 2512 1145 2611 meritoque
1169 2519 1291 2589 restro.
1342 2512 1427 2586 Tam
1453 2511 1543 2586 bene
1562 2512 1654 2587 enim
1677 2513 1836 2589 universe

315 2632 439 2707 morati
460 2631 564 2718 estis,
591 2641 631 2705 ut
652 2638 729 2706 tuto
752 2631 843 2706 inter
866 2632 960 2731 leges
982 2633 1176 2720 obsoletas,
1200 2631 1244 2705 da
1267 2629 1397 2730 quibus
1421 2631 1616 2730 disputavi,
1642 2655 1718 2708 eam
1741 2637 1835 2708 retu·

314 2751 434 2839 lerim,
461 2774 551 2849 quae
573 2751 714 2825 Reotori
735 2752 925 2850 Magnifice
948 2751 1003 2825 ius
1028 2751 1298 2849 facultatemque
1320 2750 1463 2842 tribuit,
1489 2759 1641 2827 vestrum
1663 2775 1838 2851 quemque

314 2870 370 2945 val
403 2871 440 2945 in
477 2869 701 2945 coenaculum
734 2895 838 2946 suum
873 2869 1068 2969 relegandi,
1106 2871 1158 2944 vel
1187 2872 1223 2944 in
1255 2872 1448 2946 custodiam
1481 2871 1696 2947 coniiciendi.
1746 2870 1839 2947 Mihi

316 3013 385 3067 non
417 2995 556 3064 tantum
592 2989 688 3064 nullo
722 2990 785 3064 tali
809 3013 939 3089 poenae
966 2991 1166 3079 severitate,
1192 2988 1254 3064 sed
1269 3014 1322 3082 ua
1347 2989 1412 3063 levi
1435 2990 1577 3088 quidem
1602 2990 1838 3066 admonitione

317 3135 377 3211 par
412 3115 526 3182 totum
562 3108 694 3183 huncce
724 3133 857 3184 aunum
883 3134 971 3207 opus
1000 3109 1086 3198 luit,
1120 3133 1209 3208 quae
1236 3134 1306 3183 una
1330 3115 1384 3183 est
1410 3133 1454 3184 ex
1477 3111 1611 3198 causis,
1636 3110 1837 3208 quaemihi

319 3253 449 3305 munus
471 3228 715 3328 gravissimum
739 3229 845 3304 simul
866 3229 1157 3304 iucundissimum
1180 3228 1416 3306 reddiderunt.

365 3348 610 3425 Celebraristis
632 3349 807 3424 solennem
830 3356 983 3423 vestrum
1008 3347 1136 3423 festum
1159 3347 1455 3448 quinquennalem
1474 3348 1640 3440 hilariter,
1666 3350 1840 3441 iucunda,

320 3470 496 3558 modeste,
532 3492 604 3568 quo
641 3469 757 3545 denuo
789 3468 960 3568 probastis
990 3492 1130 3544 sensum
1160 3469 1314 3568 pulchri,
1351 3467 1489 3544 venusti
1518 3476 1554 3544 et
1585 3471 1740 3561 honesti,
1766 3495 1837 3570 quo

322 3612 457 3687 semper
483 3587 660 3689 conspicui
684 3589 817 3679 suisbs,
843 3613 887 3663 ne
911 3612 1005 3674 nunc
1029 3588 1171 3687 quidem
1195 3588 1232 3662 in
1257 3587 1355 3663 vobis
1380 3587 1577 3664 desiderari.

367 3710 524 3799 Ludere,
562 3709 727 3808 psallere,
761 3715 919 3797 cantare,
956 3709 1078 3784 saltare
1118 3708 1231 3798 scitis,
1266 3708 1328 3783 sed
1361 3709 1430 3798 itu,
1466 3715 1507 3782 ut
1540 3707 1601 3782 ubi
1637 3709 1727 3784 seria
1757 3715 1841 3786 sunt

324 3829 475 3930 agenda,
500 3854 570 3904 non
596 3830 712 3905 minus
738 3829 866 3929 promti
889 3853 930 3904 ac
952 3829 1063 3930 parati
1087 3829 1173 3904 sitis·
1222 3826 1290 3902 Vir
1316 3829 1409 3903 enim
1433 3834 1513 3927 post
1536 3827 1665 3904 fastum
1690 3828 1840 3905 celebra·

323 3958 399 4026 tum
420 3949 680 4049 percrebuerat,
703 3949 835 4026 ballum
854 3948 1020 4026 exarsisse
1038 3949 1129 4023 inter
1148 3948 1236 4023 duos
1256 3949 1401 4048 populos
1422 3948 1503 4024 viris
1524 3948 1698 4047 armisque
1719 3957 1841 4049 poten·

322 4079 395 4160 tas,
432 4093 544 4168 quum
578 4070 737 4145 nonnulli
767 4094 809 4146 ax
843 4067 941 4144 robis
976 4069 1176 4144 volaverunt
1209 4068 1255 4143 ad
1285 4075 1395 4144 castra
1428 4093 1639 4169 camposque
1673 4069 1842 4168 sanguine

324 4190 523 4282 madentes,
557 4213 627 4265 nou
650 4189 792 4290 quidem
816 4191 921 4265 armis
941 4188 1156 4278 dimicaturi,
1191 4188 1252 4263 sed
1274 4195 1390 4265 tamen
1415 4188 1512 4265 haud
1539 4187 1613 4262 sine
1636 4187 1727 4263 vitae
1748 4187 1842 4288 'peri-

324 4311 424 4400 culo,
458 4309 658 4410 ubicunque
684 4309 957 4400 desideraretur,
981 4333 1103 4409 opem,
1128 4308 1297 4384 auxilium
1324 4308 1428 4384 laturi
1456 4307 1589 4383 miseris
1614 4306 1841 4407 afflictisque,

327 4429 587 4532 aegrotantibus
616 4438 652 4505 et
683 4430 817 4506 sauciis.
867 4429 978 4505 Macti
1010 4429 1137 4504 virtute
1163 4436 1272 4504 estote
1294 4429 1454 4528 generosi
1475 4429 1638 4505 iurenesl
1678 4429 1843 4504 Fremant

324 4550 404 4627 licet
435 4575 556 4626 omnes
586 4549 755 4626 bellorum
788 4549 959 4639 lautores,
991 4547 1063 4623 sive
1086 4572 1184 4648 regas
1211 4548 1281 4622 sive
1308 4573 1483 4624 caesarum
1508 4548 1648 4625 nomine
1667 4548 1841 4650 insigues,

324 4670 485 4746 invadere
513 4670 745 4772 possessiones
774 4671 903 4746 alienas
928 4678 963 4746 et
987 4670 1115 4746 incolas
1141 4669 1272 4744 finibus
1298 4669 1486 4769 expellere,
1515 4670 1693 4746 devastare
1716 4668 1842 4757 urbes,

326 4792 536 4892 conflagrare
569 4794 697 4893 pagos,
728 4789 929 4890 depopulari
951 4815 1073 4890 agros,
1105 4790 1229 4865 violare
1251 4789 1432 4879 mulieres,
1457 4789 1629 4865 trucidare
1652 4811 1751 4863 senes
1776 4786 1843 4865 im·

326 4911 487 5002 bacillos,
507 4911 665 5011 iugulare
683 4911 833 4987 inlantes
853 4918 988 4987 teneros
1007 4919 1044 4984 et
1064 4910 1242 5000 innoxios,
1262 4909 1502 5002 haecomnia,
1524 4906 1697 5009 quidquid
1717 4912 1844 4982 canant
