4984 6286
799 709 993 774 saulus
1027 708 1355 780 nnctlouuu.
1795 713 1840 782 33

315 927 452 992 ΜΔΝ
473 925 589 997 (tuan,
622 914 715 990 Prof.
749 915 933 1004 extraord,
969 916 1247 993 stereometriam
1275 928 1311 995 et
1335 917 1644 1019 ‘Ihigonometriam

366 1033 579 1134 sphaericam
602 1033 758 1124 docebit,
785 1033 909 1108 diebus
931 1035 1056 1109 Martis
1077 1046 1111 1110 et
1133 1037 1299 1112 Mercurii
1308 1088 1642 1127 ..........
1657 1036 1837 1115 hcraVlll.

413 1152 657 1251 Algebram
630 1178 700 1228 sue
723 1152 987 1230 Arithmetioam
1014 1156 1260 1245 universalem,
1286 1156 1568 1246 diescant„
1794 1159 1838 1230 x.

303 1289 305 1294 ’
415 1273 598 1349 Elementa
615 1275 823 1373 geometriae
845 1274 1034 1373 analyticae
1045 1289 1087 1348 et
1109 1274 1351 1372 descriptivae,
1378 1275 1435 1350 die
1458 1276 1644 1363 Lunae
1775 1275 1839 1365 lll,

514 1390 639 1466 diebus
663 1389 807 1466 Veneris
831 1401 866 1466 et
891 1391 1053 1479 Saturni,
1093 1444 1644 1475 ................
1779 1395 1838 1466 nt.

415 1509 584 1608 Analysin
602 1511 845 1609 geometricam
867 1507 1098 1610 superiorem,
1118 1510 1241 1585 diebus
1264 1513 1385 1590 Lunae
1405 1524 1442 1589 et
1459 1513 1645 1604 Mercurii,
1782 1513 1840 1589 xl.

417 1629 655 1705 Mechanicam
682 1631 906 1730 analyticam,
931 1629 1054 1704 dicbus
1078 1631 1217 1720 Lunae,
1247 1633 1393 1722 Martis,
1418 1631 1583 1709 Mercurii
1608 1639 1645 1706 et

462 1746 608 1826 Veneris
619 1800 1647 1842 .............................
1798 1753 1841 1828 lh

320 1879 355 1940 lt
375 1879 558 1942 SELENKA
579 1870 778 1969 Zoologiam
796 1879 831 1944 et
845 1867 1066 1944 Anatomiam
1082 1876 1312 1968 comparatam
1325 1870 1505 1960 tractabit,
1521 1870 1646 1946 diebus

368 1989 509 2078 Lunae,
534 1990 679 2078 Martis,
704 1989 869 2064 Mercurii
894 1997 929 2062 et
952 1988 1045 2062 lovis
1054 2039 1647 2076 .................
1782 1991 1842 2066 xl.

417 2109 680 2208 Mineralogiam
715 2120 751 2184 et
782 2108 1117 2206 Palaeontologiam,
1148 2106 1271 2181 diebus
1294 2107 1415 2182 Lunae
1440 2117 1476 2182 et
1501 2107 1648 2199 Martia,
1785 2111 1841 2184 lll.
1954 2101 1958 2107 ’

420 2229 509 2304 Oum
542 2229 713 2304 Studiosis
746 2227 916 2330 provectis
950 2228 1004 2340 de·
1021 2227 1154 2302 selectis
1180 2227 1363 2325 Zoclogiae
1385 2227 1558 2327 capitibus
1578 2226 1648 2302 dir·

466 2351 604 2449 putabit
629 2349 753 2426 dicbus
778 2348 941 2447 horisque
965 2343 1182 2422 auditoribus
1205 2347 1407 2421 commodis.

422 2469 601 2545 Exercitiis
613 2469 772 2570 practicis
786 2467 977 2566 Zoologiois
990 2465 1160 2565 praeerit,
1186 2465 1309 2541 diebus
1322 2466 1443 2542 Lunae
1457 2476 1493 2540 et
1505 2468 1651 2559 Martis,
1731 2470 1792 2544 let
1803 2470 1844 2542 ll.

540 2707 789 2782 FAuunuas
816 2703 1183 2781 PHILOSOPHIAE
1207 2703 1550 2782 ufluonnuluan
1573 2707 1636 2782 ΕΤ

746 2824 1037 2902 LITERARUM
1062 2823 1422 2900 HUMANlORUM.

326 3087 362 3146 Δ.
381 3077 563 3142 aduenas
592 3064 725 3139 lesaiae
755 3065 951 3152 Vatirinic,
978 3061 1141 3138 Proceri.
1163 3063 1291 3139 librum
1309 3073 1345 3139 ct
1367 3064 1525 3140 Psalmco
1546 3063 1650 3139 selec·

374 3199 428 3263 toa
448 3180 751 3283 interpretabitur,
778 3179 902 3255 diebus
925 3179 1046 3254 Lunae
1072 3188 1108 3252 et
1135 3180 1280 3270 Martia,
1318 3235 1327 3253 .
1354 3234 1363 3254 .
1392 3236 1400 3252 .
1428 3237 1436 3253 .
1463 3235 1471 3254 .
1497 3213 1507 3255 .
1534 3233 1542 3252 .
1571 3235 1579 3253 .
1607 3235 1616 3254 .
1644 3235 1653 3254 .
1782 3184 1846 3272 ΙΧ,

518 3310 554 3377 et
579 3303 636 3376 die
660 3300 825 3376 Mercurii
835 3356 1651 3388 .......................
1757 3299 1846 3375 VIll.

420 3424 578 3521 Linguae
620 3419 801 3495 Hebraeae
843 3418 1103 3519 grammaticam
1149 3417 1307 3508 docebit,
1348 3419 1472 3495 diebus
1510 3421 1716 3511 Lunae„

469 3540 595 3616 Martia
627 3548 662 3614 et
694 3539 807 3628 lovis,
842 3594 1177 3614 ..........
1191 3563 1195 3572 ·
1205 3595 1652 3618 .............
1756 3537 1845 3616 Vlll

422 3663 577 3737 Iudicem
602 3661 724 3734 librum
747 3659 898 3734 cursoria
921 3657 1066 3732 lectione
1091 3655 1262 3746 tractabit,
1288 3656 1344 3730 die
1367 3657 1537 3747 Lunae„
1564 3711 1573 3731 .
1599 3711 1609 3730 .
1636 3710 1646 3731 .
1810 3660 1845 3747 l,

521 3789 557 3856 et
582 3779 638 3853 die
662 3779 755 3853 lovis
766 3829 1649 3867 .........................
1788 3777 1845 3851 lll.

422 3899 661 3999 Antiquitatea
693 3898 927 3974 israelitarum
960 3893 1168 3994 explicabit,
1203 3892 1327 3968 diebus
1362 3894 1504 3990 Lunae,
1535 3895 1653 3974 Martis

471 4029 507 4094 et
530 4018 688 4093 Mercurii
697 4069 1654 4106 ...........................
1772 4015 1845 4088 Xll.

327 4154 353 4215 1.
372 4153 412 4215 Η.
432 4149 640 4212 STUFFKEN
673 4137 838 4236 logicam
862 4137 994 4225 tradet,
1032 4135 1087 4208 dio
1113 4134 1236 4208 Martie
1244 4185 1650 4221 ............
1808 4134 1845 4222 l,

484 4256 646 4332 diebus
670 4258 757 4332 lovis
782 4266 818 4331 et
841 4255 985 4331 Veneris
994 4302 1650 4345 ...................
1787 4253 1844 4328 Xl.

425 4377 692 4477 Metaphysicam
718 4375 875 4466 docebit,
901 4375 1024 4449 diebus
1048 4373 1165 4448 Martia
1189 4382 1225 4447 et
1248 4370 1472 4461 Mercurii,.
1803 4373 1846 4444 X.

428 4496 618 4572 Historiam
654 4496 889 4595 philosophiae
923 4492 1126 4594 explicabit,
1161 4493 1285 4568 diebus
1316 4491 1437 4566 Lunae
1473 4499 1509 4564 et
1534 4422 1653 4580 Iovia,
1772 4491 1844 4567 Xll.

426 4615 700 4716 Paedagogicam
723 4623 888 4714 exponet,
913 4614 1038 4689 diebus
1057 4623 1092 4687 et
1112 4611 1203 4688 boris
1217 4611 1433 4688 auditoribus
1448 4608 1650 4686 commodis.

331 4748 365 4808 ο.
385 4748 423 4810 G.
443 4747 573 4809 can'r
592 4735 875 4835 interpretabitur
898 4734 1140 4834 Aristophanis
1162 4733 1303 4814 Plutum
1325 4742 1360 4806 et
1384 4729 1561 4830 Euripidis
1574 4732 1652 4806 Me·

379 4859 495 4949 deant,
521 4855 645 4932 diebus
668 4856 810 4945 Lunae,
834 4854 952 4930 Martis
976 4862 1012 4928 et
1035 4852 1192 4974 Mercurii
1201 4906 1651 4942 .............
1805 4847 1846 4921 X.

1657 4969 1678 5040 5
