4984 6286
605 693 626 757 a
701 669 703 674 ’
1133 692 1158 756 1.
1194 655 1603 758 s.c0unsurr

605 901 767 975 facultate
794 898 965 998 quidquid
991 897 1110 972 lubeat
1133 897 1300 986 faciendi,
1335 897 1486 972 Romani
1509 895 1704 972 libertatem
1733 897 1918 972 consistere
1941 909 1976 972 et
2000 924 2021 974 a
2048 923 2127 974 oon·

465 1043 470 1055 ’
605 1021 735 1096 ditione
759 1041 951 1106 servorum,
979 1018 1042 1116 qui
1061 1042 1175 1092 rerum
1199 1019 1273 1104 loeo
1299 1018 1532 1107 habebantur,
1558 1017 1694 1092 differre
1713 1016 1969 1092 existimabant.
2003 1019 2126 1094 Istius·

604 1142 699 1216 modi
730 1163 809 1214 vero
843 1137 945 1237 plena
979 1138 1154 1237 nullisque
1183 1139 1324 1212 finibus·
1343 1137 1601 1237 circumscripta
1624 1137 1783 1226 libertas,
1808 1163 1889 1213 cum
1914 1137 2013 1212 facile
2032 1149 2125 1214 nete·

603 1286 721 1336 rorum
749 1259 945 1359 infregisset
974 1259 1166 1357 fuissetque
1195 1260 1282 1333 adeo
1313 1269 1446 1346 metus,
1473 1282 1517 1332 ne
1542 1269 1666 1332 cuncta
1689 1259 1733 1333 ad
1761 1259 1832 1344 vim,
1859 1282 2023 1356 armaque
2046 1283 2125 1333 con·

604 1389 834 1468 verterentur,
870 1387 992 1478 sponte
1026 1387 1168 1478 apparet
1178 1425 1194 1466 ,-
1224 1403 1432 1476 quocunque
1464 1378 1567 1451 titulo
1592 1387 1653 1451 aut
1679 1379 1819 1453 nomine
1843 1377 2124 1452 constituendum

603 1500 710 1576 fuisse
724 1500 937 1598 imperium,
963 1499 1057 1597 quod
1082 1499 1169 1573 fines
1189 1499 1238 1573 ita
1260 1508 1411 1598 regeret,
1442 1509 1479 1572 ut
1504 1499 1662 1604 quisque
1677 1523 1776 1574 suam
1801 1499 1910 1597 ipsius
1931 1497 2125 1574 libertatem

601 1647 682 1696 enm
708 1621 853 1696 aliorum
879 1619 915 1693 in
941 1619 1157 1693 concordiam
1183 1619 1338 1717 redigere
1362 1629 1553 1717 cogeretur.

648 1741 724 1818 Tali
755 1727 873 1818 auteur
904 1738 1048 1838 imperio
1078 1765 1152 1814 sese
1181 1739 1409 1829 subiiciendi,
1442 1738 1604 1837 quamvis
1630 1762 1767 1814 summa
1788 1748 1893 1837 atque
1917 1739 2124 1814 inevitabilis

598 1886 720 1961 cogere
756 1859 929 1935 videratur
963 1858 1167 1948 necessitas,
1204 1886 1248 1935 ne
1283 1861 1332 1933 sic
1363 1870 1478 1933 tamen
1510 1857 1555 1933 ad
1588 1857 1627 1931 id
1658 1858 1757 1933 facile
1783 1884 1857 1933 sese
1881 1859 2009 1934 adduci
2032 1861 2124 1959 passi

598 1981 744 2054 fuissent
776 1979 954 2069 homines,
988 1979 1032 2051 de
1062 1981 1194 2077 privato
1221 1981 1336 2078 potius
1361 1979 1544 2053 commodo
1571 1979 1805 2077 promovendo
1834 2003 1939 2078 quam
1962 1980 2005 2054 de
2030 2003 2122 2054 com·
2168 2071 2173 2080 .

598 2102 698 2176 muni
726 2101 884 2175 omniurn
919 2099 1030 2173 salute
1064 2087 1195 2176 tuende
1222 2100 1378 2176 solliciti.¹
1420 2099 1550 2174 Mirum
1576 2098 1695 2194 itaqua
1719 2122 1788 2172 non
1813 2107 1885 2188 est,
1911 2123 1969 2172 eos
1994 2099 2123 2198 quibus

597 2222 646 2295 rei
669 2221 828 2321 publicae
850 2220 1028 2319 rogandae
1051 2220 1239 2320 legumque
1265 2220 1497 2295 ferendarum*
1509 2228 1663 2318 potestas
1690 2201 1766 2292 suit
1783 2243 1962 2307 concessa,
1988 2229 2122 2294 mature

594 2341 828 2439 perspexisse,
864 2339 893 2413 ai
928 2337 1060 2436 aliquid
1090 2342 1184 2438 apud
1207 2341 1389 2439 populares
1420 2365 1502 2415 suos
1527 2339 1636 2413 valere
1661 2339 1804 2428 vellent,
1828 2339 1981 2437 ipsorum
2008 2348 2121 2438 potes·

594 2469 703 2536 tatem
737 2461 963 2536 muniendam
998 2469 1103 2557 atque
1136 2462 1421 2535 corroborandam
1453 2485 1528 2534 asse
1553 2484 1689 2534 summa
1716 2459 1865 2557 quadam
1894 2461 2118 2549 auctoritate,

594 2607 684 2681 quae
716 2607 796 2656 oum
831 2605 935 2679 supra
966 2581 1128 2654 mortales
1162 2567 1349 2668 emineret,
1383 2579 1453 2654 sola
1484 2579 1673 2653 reverentia
1699 2579 1754 2652 sui
1778 2588 1813 2653 ct
1833 2581 1919 2655 citra
1939 2579 2119 2655 bominum

592 2701 759 2795 invidiam
797 2701 850 2778 vel
877 2699 1123 2788 offensionem,
1158 2725 1281 2776 omnes
1301 2700 1346 2775 ad
1369 2699 1601 2776 obedientiam
1628 2698 1819 2797 impelleret
1841 2707 1877 2772 et
1906 2698 2117 2798 perduceret.

593 2822 652 2907 Sic
682 2848 725 2902 ex
753 2821 962 2920 antiquitate
995 2819 1228 2918 legislatores,
1262 2840 1342 2893 cum
1369 2845 1436 2894 usu
1462 2828 1577 2895 esseut
1600 2819 1733 2910 edocti,
1759 2819 1915 2893 omnium
1937 2819 2007 2894 fere
2030 2846 2117 2896 mor·

592 2941 715 3018 talium
737 2949 874 3039 pectora
896 2939 1032 3023 imbuta
1059 2964 1134 3016 esse
1160 2941 1289 3040 pietate
1311 2965 1393 3038 erga
1417 2940 1529 3028 Deos,
1554 2939 1616 3037 qui
1640 2939 1803 3014 omnibus
1830 2938 1933 3015 rebus
1957 2940 2119 3018 humanis

592 3062 757 3137 interesse
787 3068 1024 3148 censerentur,
1057 3060 1134 3136 iura
1168 3061 1302 3136 civibus
1336 3062 1410 3136 suis
1445 3060 1655 3158 imponenda
1683 3061 1780 3136 vela
1809 3059 1947 3136 coelesti
1975 3061 2118 3137 numine

591 3182 757 3281 repetita,
784 3181 836 3258 vel
864 3180 988 3259 saltem
1012 3181 1088 3254 aius
1115 3190 1205 3264 nutu
1231 3191 1338 3279 etque
1364 3181 1528 3280 auspiciis
1552 3180 1690 3256 condita
1717 3205 1791 3256 esse
1819 3181 1982 3256 omnibus
2007 3182 2115 3258 incul-

592 3327 668 3378 care
702 3287 912 3390 studebant3
948 3301 1001 3389 sic,
1030 3301 1172 3379 demum
1205 3302 1300 3376 iussa
1335 3328 1374 3377 ao
1405 3306 1586 3400 praerepta
1610 3325 1673 3376 sua
1699 3327 1719 3375 a
1742 3309 1921 3376 contemtu
1944 3327 1985 3376 ac
2013 3301 2114 3379 viola·

591 3423 683 3499 tione
712 3421 894 3506 hominum
923 3409 1012 3496 tuta
1031 3420 1103 3496 fore
1135 3421 1301 3498 arbitrati.
1357 3423 1451 3501 nLex
1478 3423 1568 3509 est'',
1594 3422 1643 3495 sic
1667 3446 1825 3496 summus
1846 3423 2113 3498 Atheniensium

591 3551 703 3618 orator
745 3542 823 3618 arcui
854 3566 975 3618 omnes
1011 3539 1248 3640 obtemperare
1281 3568 1343 3642 par
1378 3551 1450 3630 est,
1488 3554 1563 3619 tum
1602 3540 1647 3616 ob
1680 3540 1747 3615 alia
1784 3543 1915 3630 multa,
1952 3555 2027 3616 tum
2062 3543 2115 3618 vel

593 3661 765 3739 nmaxime
800 3661 894 3761 quod
925 3661 1038 3739 omnis
1072 3661 1126 3736 lex
1169 3673 1222 3736 est
1254 3663 1433 3736 inventum
1468 3687 1510 3736 ao
1539 3685 1668 3735 munus
1702 3661 1785 3749 Dei,
1821 3662 1998 3736 decretum
2036 3685 2112 3735 vero

594 3782 876 3882 sprudentiuml’

638 3903 794 4002 Legibus
821 3911 937 3977 autern
972 3903 1021 3978 sie
1046 3902 1163 3977 divina
1193 3903 1394 3978 auctoritate
1422 3902 1579 3988 sancitis,
1612 3901 1649 3978 id
1675 3901 1865 3976 necessario
1891 3901 2112 3998 sequebatur,

592 4033 632 4098 ut
658 4049 738 4103 oum
763 4023 977 4100 committere
1003 4023 1040 4096 in
1068 4047 1126 4096 eas
1159 4023 1334 4122 piaculum
1368 4033 1476 4109 esset,
1518 4030 1592 4096 tum
1628 4021 1752 4110 etiam,
1791 4031 1831 4094 ut
1855 4021 1955 4118 quasi
1986 4045 2007 4093 a
2034 4019 2111 4092 Diis

588 4129 843 4220 immortalibus
871 4143 1062 4241 profectae,
1100 4144 1193 4218 haud
1224 4167 1322 4218 secus
1347 4169 1387 4218 ac
1415 4143 1474 4216 Dii
1505 4143 1573 4240 ipsi
1607 4142 1777 4216 humanae
1804 4141 1891 4215 vitae
1916 4153 2025 4216 metas
2052 4164 2109 4214 ex·

590 4265 710 4344 cedere
732 4272 768 4338 et
784 4250 1082 4340 immortalitatem
1105 4263 1232 4362 spirare
1257 4264 1362 4338 videri
1385 4261 1579 4339 debuerint.
1630 4261 1821 4360 Legislator
1846 4261 1974 4335 scilicet
1998 4261 2110 4335 aDeo

589 4383 805 4459 maiestatem
839 4395 1015 4481 repetens,
1052 4408 1120 4458 non
1157 4392 1293 4458 tantum
1333 4408 1437 4481 supra
1474 4407 1594 4457 omnes
1630 4395 1665 4458 et
1700 4382 1863 4458 omuibus
1898 4382 2006 4468 horis,
2048 4380 2108 4452 sed

590 4503 694 4577 etiam
725 4500 760 4576 in
792 4512 970 4577 aeternum
998 4504 1172 4601 sapiebat!
1224 4503 1337 4577 Facile
1373 4503 1453 4576 hino
1487 4503 1702 4602 intelligitur,
1738 4503 1918 4601 plerosque
1954 4510 2106 4572 veterum

587 4621 814 4722 populorum,
839 4621 1140 4721 progredientibus
1164 4624 1267 4698 stiam
1293 4623 1507 4722 temporibus
1532 4633 1567 4696 st
1589 4633 1721 4697 mutata
1755 4646 1893 4720 prorsus
1915 4620 2105 4694 eivitatium

588 4751 623 4818 et
652 4743 738 4818 iuris
767 4743 984 4835 conditione,
1022 4729 1260 4818 lubentissime
1295 4743 1498 4843 posteriores
1531 4768 1611 4818 suas
1648 4745 1742 4842 leges
1764 4742 1819 4816 ‚ad
1858 4740 2107 4818 vetustissimas

587 4873 762 4965 quasque,
797 4890 944 4965 quarum
976 4863 1162 4964 aliquando
1198 4889 1243 4938 ne
1269 4864 1372 4938 verba
1397 4863 1538 4962 quidem
1567 4861 1715 4960 amplius
1744 4860 1976 4958 intelligebat,
2013 4873 2105 4933 retu·
