4984 6286
649 772 692 838 tt
1128 772 1322 837 SERlES
1356 769 1686 838 LEC'l'lOllllll.

747 977 948 1055 Doctrinam
966 978 1222 1078 ,operationum
1247 978 1379 1065 tradet,
1396 989 1441 1059 ,et
1463 977 1734 1077 operationibus
1747 973 1974 1062 obstetriciis,

796 1105 872 1170 tum
889 1097 926 1170 in
942 1097 1033 1195 pelvi
1050 1097 1201 1185 factitia,
1225 1106 1302 1172 tum
1316 1099 1352 1172 in
1368 1099 1531 1172 cadavere
1543 1094 1787 1184 instituendis
1808 1091 1976 1193 praeierit,
2122 1167 2131 1182 ‚

795 1214 853 1288 die
876 1216 1042 1292 Mercurii
1051 1268 1974 1307 ..........................
2012 1211 2094 1288 hora
2145 1215 2170 1286 l·
2202 1305 2211 1313 .

748 1335 1021 1434 Gynaecologiae
1064 1345 1099 1411 et
1141 1334 1520 1436 Gynaeoopsthologiae
1565 1335 1690 1480 selecta
1732 1333 1864 1421 tradet,
1920 1331 1977 1406 die

794 1453 915 1528 Lunae
923 1509 1972 1543 ..............................
2144 1453 2168 1526 Ι.

749 1573 875 1649 Praxin
918 1573 1169 1662 obstetricium,
1210 1581 1287 1646 tum
1324 1575 1359 1646 in
1400 1573 1607 1648 Nosocomio
1644 1571 1859 1660 academico,
1900 1579 1975 1646 tum

798 1691 834 1766 in
873 1691 1071 1768 Policlinico
1110 1693 1328 1782 obstetricio,
1361 1694 1496 1792 quoties
1529 1718 1667 1768 necesse
1704 1691 1788 1780 erit,
1821 1691 1975 1794 modera-

796 1809 902 1887 bitur.

585 1913 589 1924 ’
652 1923 1254 2028 1.C.G.EVEBS'I'bcrapeuticum
1292 1931 1519 2005 remediorum
1560 1955 1661 2006 usum
1698 1929 1883 2018 indicabit,
1921 1929 1977 2004 die
2100 1925 2104 1930 ’

699 2052 866 2140 Veneris,
913 2097 1977 2125 ······························
2113 2050 2168 2120 lX·

749 2171 951 2247 Doctrinam
969 2167 1184 2244 morborum
1217 2167 1441 2266 singularium
1478 2168 1610 2256 tradet,
1645 2165 1768 2242 diebus
1796 2167 1917 2242 Lunae
1942 2175 1978 2241 et

796 2288 981 2376 Memmii,
1019 2335 1975 2363 ···························
2112 2287 2169 2359 lX·

751 2406 1064 2486 Exercitationibus
1098 2405 1249 2493 clinicis,
1285 2405 1320 2478 in
1357 2407 1564 2482 Nosocomio
1594 2407 1780 2494 habendis,
1812 2405 1976 2505 praebrit,

797 2527 1083 2612 diebus'Lunae,
1108 2525 1246 2612 Martis,
1270 2526 1447 2614 Mercurii,
1473 2527 1560 2599 loris
1581 2535 1616 2600 et
1639 2527 1778 2600 Veneris
1788 2574 1978 2614 ......
2112 2525 2170 2596 Xl.

753 2647 909 2745 collegio
932 2644 1081 2733 casuali,
1107 2643 1163 2718 die
1189 2644 1348 2734 Saturni,
1387 2693 1975 2718 .................
2017 2644 2170 2717 x-xlt.

750 2763 877 2839 Praxin
905 2761 1074 2838 medicam
1098 2762 1133 2834 in
1159 2761 1350 2860 policlinieo
1373 2764 1617 2838 moderabitur.

749 2882 873 2980 Capita
908 2881 1034 2956 selecta
1067 2879 1228 2954 historiae
1258 2881 1447 2956 medicinae
1472 2882 1651 2969 tractabit,
1677 2880 1801 2960 diebus
1822 2890 1858 2955 et
1883 2881 1974 2956 horis

795 2999 1011 3074 auditoribus
1036 2999 1237 3074 commodis.

652 3133 690 3194 Δ.
710 3129 907 3192 Humerus
942 3116 1197 3216 Physiologiam
1243 3119 1423 3217 specialem
1473 3121 1628 3208 docebit,
1669 3120 1793 3194 diebus
1837 3120 1976 3210 Lunae,
2130 3201 2133 3216 ἶ

703 3236 828 3312 Martis
861 3243 897 3309 et
920 3236 1086 3310 Mercurii
1097 3291 1975 3323 .........................
2127 3239 2169 3314 X.

749 3351 932 3450 (lbymiam
958 3351 1228 3450 physiologicam
1250 3353 1406 3444 docebit,
1431 3353 1555 3430 diebus
1577 3357 1664 3431 lovis
1685 3366 1720 3432 et
1744 3359 1938 3446 Veneris„
2124 3361 2168 3433 X.

748 3470 931 3547 Exercitiis
942 3471 1121 3569 practicis,
1135 3472 1377 3569 experimentis
1393 3483 1427 3548 et
1440 3475 1721 3572 indagationibus
1735 3479 1977 3578 physiologicis

798 3590 834 3663 in
860 3589 1064 3664 laboratorio
1087 3591 1242 3688 quotidie
1267 3593 1424 3689 praeerit.

749 3707 930 3783 Exercitiis
950 3709 1138 3806 practicis
1127 3735 1163 3782 rn
1187 3710 1399 3809 microscopii
1413 3737 1480 3787 usu
1492 3716 1657 3812 praeerit,
1677 3717 1802 3791 diebus
1816 3717 1973 3792 Mercurii

799 3836 834 3900 et
857 3826 970 3914 Iovis,
1020 3885 1974 3913 ...........................
2130 3839 2167 3911 ll.

652 3955 965 4026 Lunoosrnun,
988 3946 1078 4022 Proi.
1101 3947 1293 4034 extraord,
1314 3949 1531 4026 Anatomiam
1549 3954 1798 4052 pathologicam
1816 3955 1974 4050 docebit,

702 4064 759 4139 die
779 4063 872 4136 Iovis
881 4121 1970 4150 ................................
2032 4075 2166 4149 ll-lV.

752 4181 990 4280 Patbologiam
1023 4184 1216 4282 generalem
1251 4183 1407 4273 docebit,
1440 4187 1563 4262 diebus
1589 4191 1729 4279 Lunae,
1753 4191 1917 4268 Mercurii
1941 4200 1977 4267 et

797 4299 941 4374 Veneris
950 4358 1969 4388 .............................
2113 4314 2166 4386 xl.

751 4417 936 4515 Hygiensn
965 4419 1138 4517 publicam
1173 4429 1208 4494 et
1239 4422 1406 4520 privatam
1436 4425 1565 4513 tradet,
1592 4428 1649 4500 die
1672 4430 1815 4518 Martis,
1851 4489 1862 4508 .
1891 4489 1898 4506 .
1925 4489 1934 4508 .
1963 4489 1972 4506 .
2127 4434 2167 4504 ll.

657 4549 693 4609 Τ.
713 4547 886 4622 ΖΔΔΗΕΒ,
908 4536 1000 4624 Pros.
1026 4539 1216 4628 extraord,
1234 4541 1453 4616 Anatomiam
1470 4547 1741 4642 systematicam,
1760 4551 1975 4649 microscopi·

706 4678 780 4728 cam
799 4661 834 4726 et
849 4656 1127 4754 topograpbicam
1145 4658 1299 4747 docebit,
1325 4661 1447 4736 diebus
1468 4664 1605 4752 Lunae,
1628 4668 1771 4756 Martis,
1793 4669 1975 4757 Mercurii,

702 4772 795 4846 lovis
820 4781 854 4846 et
879 4772 1042 4862 Veneris,

751 4891 953 4965 Methodum
980 4893 1118 4967 secundi
1142 4896 1326 4985 cadevera,
1352 4901 1506 4997 quotidie
1530 4903 1673 4980 hiberno
1698 4917 1866 5004 tempore:
